PokerStars Zoom Hand #193677623047:  Hold'em No Limit ($0.01/$0.02) - 2018/11/24 13:43:06 CUST [2018/11/24 0:43:06 ET]
Table 'Halley' 6-max Seat #1 is the button
Seat 1: kuzman_8888 ($1.75 in chips) 
Seat 2: senya857 ($5.22 in chips) 
Seat 3: hc agorist ($2 in chips) 
Seat 4: 1Kadrab ($1.34 in chips) 
Seat 5: hypo999 ($3.44 in chips) 
Seat 6: freshuser888 ($4.88 in chips) 
senya857: posts small blind $0.01
hc agorist: posts big blind $0.02
*** HOLE CARDS ***
Dealt to hc agorist [9d 3s]
1Kadrab: folds 
hypo999: raises $0.04 to $0.06
freshuser888: folds 
kuzman_8888: folds 
senya857: folds 
hc agorist: folds 
Uncalled bet ($0.04) returned to hypo999
hypo999 collected $0.05 from pot
hypo999: doesn't show hand 
*** SUMMARY ***
Total pot $0.05 | Rake $0 
Seat 1: kuzman_8888 (button) folded before Flop (didn't bet)
Seat 2: senya857 (small blind) folded before Flop
Seat 3: hc agorist (big blind) folded before Flop
Seat 4: 1Kadrab folded before Flop (didn't bet)
Seat 5: hypo999 collected ($0.05)
Seat 6: freshuser888 folded before Flop (didn't bet)



PokerStars Zoom Hand #193677801607:  Hold'em No Limit ($0.01/$0.02) - 2018/11/24 13:57:04 CUST [2018/11/24 0:57:04 ET]
Table 'Halley' 6-max Seat #1 is the button
Seat 1: Cotecoxxx ($2.71 in chips) 
Seat 2: InSyndicate ($2.15 in chips) 
Seat 3: hc agorist ($2 in chips) 
Seat 4: opmk222 ($2.10 in chips) 
Seat 5: Willis115 ($1.07 in chips) 
Seat 6: AbayKarimov ($1 in chips) 
InSyndicate: posts small blind $0.01
hc agorist: posts big blind $0.02
*** HOLE CARDS ***
Dealt to hc agorist [5h Tc]
opmk222: folds 
Willis115: raises $0.04 to $0.06
AbayKarimov: folds 
Cotecoxxx: folds 
InSyndicate: folds 
hc agorist: folds 
Uncalled bet ($0.04) returned to Willis115
Willis115 collected $0.05 from pot
Willis115: doesn't show hand 
*** SUMMARY ***
Total pot $0.05 | Rake $0 
Seat 1: Cotecoxxx (button) folded before Flop (didn't bet)
Seat 2: InSyndicate (small blind) folded before Flop
Seat 3: hc agorist (big blind) folded before Flop
Seat 4: opmk222 folded before Flop (didn't bet)
Seat 5: Willis115 collected ($0.05)
Seat 6: AbayKarimov folded before Flop (didn't bet)



PokerStars Zoom Hand #193677804801:  Hold'em No Limit ($0.01/$0.02) - 2018/11/24 13:57:20 CUST [2018/11/24 0:57:20 ET]
Table 'Halley' 6-max Seat #1 is the button
Seat 1: SCDossett ($1.54 in chips) 
Seat 2: hc agorist ($1.98 in chips) 
Seat 3: alexdg74 ($3.26 in chips) 
Seat 4: marcosssgf ($1.30 in chips) 
Seat 5: Jase4607 ($2.29 in chips) 
Seat 6: PE8512 ($2.24 in chips) 
hc agorist: posts small blind $0.01
alexdg74: posts big blind $0.02
*** HOLE CARDS ***
Dealt to hc agorist [Qc 3d]
marcosssgf: raises $0.04 to $0.06
Jase4607: folds 
PE8512: folds 
SCDossett: folds 
hc agorist: folds 
alexdg74: folds 
Uncalled bet ($0.04) returned to marcosssgf
marcosssgf collected $0.05 from pot
marcosssgf: doesn't show hand 
*** SUMMARY ***
Total pot $0.05 | Rake $0 
Seat 1: SCDossett (button) folded before Flop (didn't bet)
Seat 2: hc agorist (small blind) folded before Flop
Seat 3: alexdg74 (big blind) folded before Flop
Seat 4: marcosssgf collected ($0.05)
Seat 5: Jase4607 folded before Flop (didn't bet)
Seat 6: PE8512 folded before Flop (didn't bet)



PokerStars Zoom Hand #193677806363:  Hold'em No Limit ($0.01/$0.02) - 2018/11/24 13:57:28 CUST [2018/11/24 0:57:28 ET]
Table 'Halley' 6-max Seat #1 is the button
Seat 1: hc agorist ($1.97 in chips) 
Seat 2: JavierMaxter ($0.93 in chips) 
Seat 3: chem2011 ($2.03 in chips) 
Seat 4: 666---kOKo-- ($3.17 in chips) 
Seat 5: 895973310 ($3.71 in chips) 
Seat 6: badbeatnnn ($2.85 in chips) 
JavierMaxter: posts small blind $0.01
chem2011: posts big blind $0.02
*** HOLE CARDS ***
Dealt to hc agorist [7c Ah]
666---kOKo--: folds 
895973310: folds 
badbeatnnn: folds 
hc agorist: folds 
JavierMaxter: folds 
Uncalled bet ($0.01) returned to chem2011
chem2011 collected $0.02 from pot
chem2011: doesn't show hand 
*** SUMMARY ***
Total pot $0.02 | Rake $0 
Seat 1: hc agorist (button) folded before Flop (didn't bet)
Seat 2: JavierMaxter (small blind) folded before Flop
Seat 3: chem2011 (big blind) collected ($0.02)
Seat 4: 666---kOKo-- folded before Flop (didn't bet)
Seat 5: 895973310 folded before Flop (didn't bet)
Seat 6: badbeatnnn folded before Flop (didn't bet)



PokerStars Zoom Hand #193677807332:  Hold'em No Limit ($0.01/$0.02) - 2018/11/24 13:57:33 CUST [2018/11/24 0:57:33 ET]
Table 'Halley' 6-max Seat #1 is the button
Seat 1: Traxai ($2.10 in chips) 
Seat 2: BuffmonsterOne ($4.54 in chips) 
Seat 3: taren666 ($2.38 in chips) 
Seat 4: chewy-rocks ($1.32 in chips) 
Seat 5: kenbou777 ($2 in chips) 
Seat 6: hc agorist ($1.97 in chips) 
BuffmonsterOne: posts small blind $0.01
taren666: posts big blind $0.02
*** HOLE CARDS ***
Dealt to hc agorist [8s Kd]
chewy-rocks: folds 
kenbou777: folds 
hc agorist: folds 
Traxai: raises $0.03 to $0.05
BuffmonsterOne: folds 
taren666: folds 
Uncalled bet ($0.03) returned to Traxai
Traxai collected $0.05 from pot
Traxai: doesn't show hand 
*** SUMMARY ***
Total pot $0.05 | Rake $0 
Seat 1: Traxai (button) collected ($0.05)
Seat 2: BuffmonsterOne (small blind) folded before Flop
Seat 3: taren666 (big blind) folded before Flop
Seat 4: chewy-rocks folded before Flop (didn't bet)
Seat 5: kenbou777 folded before Flop (didn't bet)
Seat 6: hc agorist folded before Flop (didn't bet)



PokerStars Zoom Hand #193677808909:  Hold'em No Limit ($0.01/$0.02) - 2018/11/24 13:57:41 CUST [2018/11/24 0:57:41 ET]
Table 'Halley' 6-max Seat #1 is the button
Seat 1: ikzw ($3.06 in chips) 
Seat 2: alenramos ($2.42 in chips) 
Seat 3: sinster_ca85 ($2.99 in chips) 
Seat 4: hc agorist ($1.97 in chips) 
Seat 5: Andrianov90 ($1.46 in chips) 
Seat 6: Flaquencio ($1.51 in chips) 
alenramos: posts small blind $0.01
sinster_ca85: posts big blind $0.02
*** HOLE CARDS ***
Dealt to hc agorist [Qd 6s]
hc agorist: folds 
Andrianov90: folds 
Flaquencio: folds 
ikzw: raises $0.03 to $0.05
alenramos: calls $0.04
sinster_ca85: folds 
*** FLOP *** [3h 7d 9d]
alenramos: bets $0.06
ikzw: folds 
Uncalled bet ($0.06) returned to alenramos
alenramos collected $0.12 from pot
alenramos: doesn't show hand 
*** SUMMARY ***
Total pot $0.12 | Rake $0 
Board [3h 7d 9d]
Seat 1: ikzw (button) folded on the Flop
Seat 2: alenramos (small blind) collected ($0.12)
Seat 3: sinster_ca85 (big blind) folded before Flop
Seat 4: hc agorist folded before Flop (didn't bet)
Seat 5: Andrianov90 folded before Flop (didn't bet)
Seat 6: Flaquencio folded before Flop (didn't bet)



PokerStars Zoom Hand #193677811990:  Hold'em No Limit ($0.01/$0.02) - 2018/11/24 13:57:57 CUST [2018/11/24 0:57:57 ET]
Table 'Halley' 6-max Seat #1 is the button
Seat 1: hc agorist ($1.95 in chips) 
Seat 2: RECHUK ($1.12 in chips) 
Seat 3: Flaquencio ($1.50 in chips) 
Seat 4: vovik_PVA ($1.03 in chips) 
Seat 5: Randal000 ($2.08 in chips) 
Seat 6: mazurserg ($1.90 in chips) 
RECHUK: posts small blind $0.01
Flaquencio: posts big blind $0.02
*** HOLE CARDS ***
Dealt to hc agorist [4c Qh]
vovik_PVA: folds 
Randal000: raises $0.04 to $0.06
mazurserg: folds 
hc agorist: folds 
RECHUK: folds 
Flaquencio: folds 
Uncalled bet ($0.04) returned to Randal000
Randal000 collected $0.05 from pot
Randal000: doesn't show hand 
*** SUMMARY ***
Total pot $0.05 | Rake $0 
Seat 1: hc agorist (button) folded before Flop (didn't bet)
Seat 2: RECHUK (small blind) folded before Flop
Seat 3: Flaquencio (big blind) folded before Flop
Seat 4: vovik_PVA folded before Flop (didn't bet)
Seat 5: Randal000 collected ($0.05)
Seat 6: mazurserg folded before Flop (didn't bet)



PokerStars Zoom Hand #193677810273:  Hold'em No Limit ($0.01/$0.02) - 2018/11/24 13:57:48 CUST [2018/11/24 0:57:48 ET]
Table 'Halley' 6-max Seat #1 is the button
Seat 1: V.Sibirtsev ($8.62 in chips) 
Seat 2: alexdg74 ($1.97 in chips) 
Seat 3: hc agorist ($1.97 in chips) 
Seat 4: yth1979 ($4.44 in chips) 
Seat 5: XAVANTESCITY ($6.91 in chips) 
Seat 6: DungLingCha ($2 in chips) 
alexdg74: posts small blind $0.01
hc agorist: posts big blind $0.02
*** HOLE CARDS ***
Dealt to hc agorist [Td Qc]
yth1979: raises $0.04 to $0.06
XAVANTESCITY: folds 
DungLingCha: folds 
V.Sibirtsev: folds 
alexdg74: calls $0.05
hc agorist: folds 
*** FLOP *** [7d 9h Jh]
alexdg74: checks 
yth1979: bets $0.10
alexdg74: folds 
Uncalled bet ($0.10) returned to yth1979
yth1979 collected $0.14 from pot
yth1979: doesn't show hand 
*** SUMMARY ***
Total pot $0.14 | Rake $0 
Board [7d 9h Jh]
Seat 1: V.Sibirtsev (button) folded before Flop (didn't bet)
Seat 2: alexdg74 (small blind) folded on the Flop
Seat 3: hc agorist (big blind) folded before Flop
Seat 4: yth1979 collected ($0.14)
Seat 5: XAVANTESCITY folded before Flop (didn't bet)
Seat 6: DungLingCha folded before Flop (didn't bet)



PokerStars Zoom Hand #193677813349:  Hold'em No Limit ($0.01/$0.02) - 2018/11/24 13:58:04 CUST [2018/11/24 0:58:04 ET]
Table 'Halley' 6-max Seat #1 is the button
Seat 1: Nurik1111 ($4.40 in chips) 
Seat 2: Cat_is_here ($1.98 in chips) 
Seat 3: jkl278 ($0.77 in chips) 
Seat 4: zerohorabr ($1.94 in chips) 
Seat 5: Lakchenko ($4.37 in chips) 
Seat 6: hc agorist ($1.95 in chips) 
Cat_is_here: posts small blind $0.01
jkl278: posts big blind $0.02
*** HOLE CARDS ***
Dealt to hc agorist [8h Qh]
zerohorabr: folds 
Lakchenko: raises $0.04 to $0.06
hc agorist: folds 
Nurik1111: folds 
Cat_is_here: folds 
jkl278: folds 
Uncalled bet ($0.04) returned to Lakchenko
Lakchenko collected $0.05 from pot
Lakchenko: doesn't show hand 
*** SUMMARY ***
Total pot $0.05 | Rake $0 
Seat 1: Nurik1111 (button) folded before Flop (didn't bet)
Seat 2: Cat_is_here (small blind) folded before Flop
Seat 3: jkl278 (big blind) folded before Flop
Seat 4: zerohorabr folded before Flop (didn't bet)
Seat 5: Lakchenko collected ($0.05)
Seat 6: hc agorist folded before Flop (didn't bet)



PokerStars Zoom Hand #193677816517:  Hold'em No Limit ($0.01/$0.02) - 2018/11/24 13:58:20 CUST [2018/11/24 0:58:20 ET]
Table 'Halley' 6-max Seat #1 is the button
Seat 1: kakoytotip ($4.34 in chips) 
Seat 2: hc agorist ($1.95 in chips) 
Seat 3: Dimach702K ($7.39 in chips) 
Seat 4: InSyndicate ($2.11 in chips) 
Seat 5: zerohorabr ($1.80 in chips) 
Seat 6: KF Furiak ($1.98 in chips) 
hc agorist: posts small blind $0.01
Dimach702K: posts big blind $0.02
*** HOLE CARDS ***
Dealt to hc agorist [6h 7c]
InSyndicate: raises $0.04 to $0.06
zerohorabr: folds 
KF Furiak: folds 
kakoytotip: folds 
hc agorist: folds 
Dimach702K: folds 
Uncalled bet ($0.04) returned to InSyndicate
InSyndicate collected $0.05 from pot
InSyndicate: doesn't show hand 
*** SUMMARY ***
Total pot $0.05 | Rake $0 
Seat 1: kakoytotip (button) folded before Flop (didn't bet)
Seat 2: hc agorist (small blind) folded before Flop
Seat 3: Dimach702K (big blind) folded before Flop
Seat 4: InSyndicate collected ($0.05)
Seat 5: zerohorabr folded before Flop (didn't bet)
Seat 6: KF Furiak folded before Flop (didn't bet)



PokerStars Zoom Hand #193677818964:  Hold'em No Limit ($0.01/$0.02) - 2018/11/24 13:58:32 CUST [2018/11/24 0:58:32 ET]
Table 'Halley' 6-max Seat #1 is the button
Seat 1: Fantomas353 ($2 in chips) 
Seat 2: demon7521 ($2.05 in chips) 
Seat 3: jkl278 ($0.74 in chips) 
Seat 4: WinziF ($2.03 in chips) 
Seat 5: hc agorist ($1.94 in chips) 
Seat 6: Krawicz ($2 in chips) 
demon7521: posts small blind $0.01
jkl278: posts big blind $0.02
*** HOLE CARDS ***
Dealt to hc agorist [3s 9d]
WinziF: folds 
hc agorist: folds 
Krawicz: raises $0.04 to $0.06
Fantomas353: folds 
demon7521: folds 
jkl278: folds 
Uncalled bet ($0.04) returned to Krawicz
Krawicz collected $0.05 from pot
Krawicz: doesn't show hand 
*** SUMMARY ***
Total pot $0.05 | Rake $0 
Seat 1: Fantomas353 (button) folded before Flop (didn't bet)
Seat 2: demon7521 (small blind) folded before Flop
Seat 3: jkl278 (big blind) folded before Flop
Seat 4: WinziF folded before Flop (didn't bet)
Seat 5: hc agorist folded before Flop (didn't bet)
Seat 6: Krawicz collected ($0.05)



PokerStars Zoom Hand #193677821530:  Hold'em No Limit ($0.01/$0.02) - 2018/11/24 13:58:45 CUST [2018/11/24 0:58:45 ET]
Table 'Halley' 6-max Seat #1 is the button
Seat 1: Energetic71 ($2.24 in chips) 
Seat 2: j.yamamoto ($2 in chips) 
Seat 3: taren666 ($2.25 in chips) 
Seat 4: hc agorist ($1.94 in chips) 
Seat 5: MartinHejkal ($2 in chips) 
Seat 6: Aegeides ($7.21 in chips) 
j.yamamoto: posts small blind $0.01
taren666: posts big blind $0.02
*** HOLE CARDS ***
Dealt to hc agorist [2d 8h]
hc agorist: folds 
MartinHejkal: folds 
Aegeides: folds 
Energetic71: folds 
j.yamamoto: folds 
Uncalled bet ($0.01) returned to taren666
taren666 collected $0.02 from pot
taren666: doesn't show hand 
*** SUMMARY ***
Total pot $0.02 | Rake $0 
Seat 1: Energetic71 (button) folded before Flop (didn't bet)
Seat 2: j.yamamoto (small blind) folded before Flop
Seat 3: taren666 (big blind) collected ($0.02)
Seat 4: hc agorist folded before Flop (didn't bet)
Seat 5: MartinHejkal folded before Flop (didn't bet)
Seat 6: Aegeides folded before Flop (didn't bet)



PokerStars Zoom Hand #193677944013:  Hold'em No Limit ($0.01/$0.02) - 2018/11/24 14:08:27 CUST [2018/11/24 1:08:27 ET]
Table 'Halley' 6-max Seat #1 is the button
Seat 1: felakers ($2.06 in chips) 
Seat 2: straiki ($1.04 in chips) 
Seat 3: hc agorist ($2 in chips) 
Seat 4: fi$he4ka ($1.88 in chips) 
Seat 5: luka1981good ($5 in chips) 
Seat 6: InSyndicate ($2.01 in chips) 
straiki: posts small blind $0.01
hc agorist: posts big blind $0.02
*** HOLE CARDS ***
Dealt to hc agorist [Tc 6d]
fi$he4ka: raises $0.04 to $0.06
luka1981good: folds 
InSyndicate: folds 
felakers: folds 
straiki: folds 
hc agorist: folds 
Uncalled bet ($0.04) returned to fi$he4ka
fi$he4ka collected $0.05 from pot
fi$he4ka: doesn't show hand 
*** SUMMARY ***
Total pot $0.05 | Rake $0 
Seat 1: felakers (button) folded before Flop (didn't bet)
Seat 2: straiki (small blind) folded before Flop
Seat 3: hc agorist (big blind) folded before Flop
Seat 4: fi$he4ka collected ($0.05)
Seat 5: luka1981good folded before Flop (didn't bet)
Seat 6: InSyndicate folded before Flop (didn't bet)



PokerStars Zoom Hand #193677946994:  Hold'em No Limit ($0.01/$0.02) - 2018/11/24 14:08:41 CUST [2018/11/24 1:08:41 ET]
Table 'Halley' 6-max Seat #1 is the button
Seat 1: alexdg74 ($2.91 in chips) 
Seat 2: Traxai ($7.28 in chips) 
Seat 3: CAI+23-7copa ($2.84 in chips) 
Seat 4: SPOVES ($0.94 in chips) 
Seat 5: adler023 ($3.73 in chips) 
Seat 6: hc agorist ($1.97 in chips) 
Traxai: posts small blind $0.01
CAI+23-7copa: posts big blind $0.02
*** HOLE CARDS ***
Dealt to hc agorist [4d Ts]
SPOVES: folds 
adler023: raises $0.02 to $0.04
hc agorist: folds 
alexdg74: folds 
Traxai: folds 
CAI+23-7copa: calls $0.02
*** FLOP *** [6d 3d 2c]
CAI+23-7copa: checks 
adler023: checks 
*** TURN *** [6d 3d 2c] [9c]
CAI+23-7copa: bets $0.06
adler023: folds 
Uncalled bet ($0.06) returned to CAI+23-7copa
CAI+23-7copa collected $0.09 from pot
CAI+23-7copa: doesn't show hand 
*** SUMMARY ***
Total pot $0.09 | Rake $0 
Board [6d 3d 2c 9c]
Seat 1: alexdg74 (button) folded before Flop (didn't bet)
Seat 2: Traxai (small blind) folded before Flop
Seat 3: CAI+23-7copa (big blind) collected ($0.09)
Seat 4: SPOVES folded before Flop (didn't bet)
Seat 5: adler023 folded on the Turn
Seat 6: hc agorist folded before Flop (didn't bet)



PokerStars Zoom Hand #193677945959:  Hold'em No Limit ($0.01/$0.02) - 2018/11/24 14:08:36 CUST [2018/11/24 1:08:36 ET]
Table 'Halley' 6-max Seat #1 is the button
Seat 1: TheDonkHouse ($1.61 in chips) 
Seat 2: hc agorist ($1.98 in chips) 
Seat 3: evgenii40555 ($2.55 in chips) 
Seat 4: jkl278 ($1.19 in chips) 
Seat 5: soapppp ($2.54 in chips) 
Seat 6: lucianocamil ($4.42 in chips) 
hc agorist: posts small blind $0.01
evgenii40555: posts big blind $0.02
*** HOLE CARDS ***
Dealt to hc agorist [3h 7h]
jkl278: folds 
soapppp: folds 
lucianocamil: raises $0.04 to $0.06
TheDonkHouse: folds 
hc agorist: folds 
evgenii40555: calls $0.04
*** FLOP *** [9h 4c 4h]
evgenii40555: checks 
lucianocamil: bets $0.07
evgenii40555: calls $0.07
*** TURN *** [9h 4c 4h] [5h]
evgenii40555: checks 
lucianocamil: bets $0.14
evgenii40555: folds 
Uncalled bet ($0.14) returned to lucianocamil
lucianocamil collected $0.26 from pot
lucianocamil: doesn't show hand 
*** SUMMARY ***
Total pot $0.27 | Rake $0.01 
Board [9h 4c 4h 5h]
Seat 1: TheDonkHouse (button) folded before Flop (didn't bet)
Seat 2: hc agorist (small blind) folded before Flop
Seat 3: evgenii40555 (big blind) folded on the Turn
Seat 4: jkl278 folded before Flop (didn't bet)
Seat 5: soapppp folded before Flop (didn't bet)
Seat 6: lucianocamil collected ($0.26)



PokerStars Zoom Hand #193677953176:  Hold'em No Limit ($0.01/$0.02) - 2018/11/24 14:09:05 CUST [2018/11/24 1:09:05 ET]
Table 'Halley' 6-max Seat #1 is the button
Seat 1: Traxai ($2.11 in chips) 
Seat 2: hc agorist ($1.97 in chips) 
Seat 3: Krawicz ($2.11 in chips) 
Seat 4: luka1981good ($2.32 in chips) 
Seat 5: SPOVES ($0.94 in chips) 
Seat 6: kchomo111 ($2.16 in chips) 
hc agorist: posts small blind $0.01
Krawicz: posts big blind $0.02
*** HOLE CARDS ***
Dealt to hc agorist [6s 4c]
luka1981good: folds 
SPOVES: folds 
kchomo111: folds 
Traxai: folds 
hc agorist: folds 
Uncalled bet ($0.01) returned to Krawicz
Krawicz collected $0.02 from pot
Krawicz: doesn't show hand 
*** SUMMARY ***
Total pot $0.02 | Rake $0 
Seat 1: Traxai (button) folded before Flop (didn't bet)
Seat 2: hc agorist (small blind) folded before Flop
Seat 3: Krawicz (big blind) collected ($0.02)
Seat 4: luka1981good folded before Flop (didn't bet)
Seat 5: SPOVES folded before Flop (didn't bet)
Seat 6: kchomo111 folded before Flop (didn't bet)



PokerStars Zoom Hand #193677951135:  Hold'em No Limit ($0.01/$0.02) - 2018/11/24 14:08:55 CUST [2018/11/24 1:08:55 ET]
Table 'Halley' 6-max Seat #1 is the button
Seat 1: Energetic71 ($2 in chips) 
Seat 2: Andrey_b595 ($2.46 in chips) 
Seat 3: cabee891 ($2.11 in chips) 
Seat 4: demon7521 ($2 in chips) 
Seat 5: hc agorist ($1.97 in chips) 
Seat 6: edikan369 ($1.84 in chips) 
Andrey_b595: posts small blind $0.01
cabee891: posts big blind $0.02
*** HOLE CARDS ***
Dealt to hc agorist [3c Ah]
demon7521: folds 
hc agorist: folds 
edikan369: calls $0.02
Energetic71: folds 
Andrey_b595: folds 
cabee891: raises $0.28 to $0.30
edikan369: folds 
Uncalled bet ($0.28) returned to cabee891
cabee891 collected $0.05 from pot
cabee891: doesn't show hand 
*** SUMMARY ***
Total pot $0.05 | Rake $0 
Seat 1: Energetic71 (button) folded before Flop (didn't bet)
Seat 2: Andrey_b595 (small blind) folded before Flop
Seat 3: cabee891 (big blind) collected ($0.05)
Seat 4: demon7521 folded before Flop (didn't bet)
Seat 5: hc agorist folded before Flop (didn't bet)
Seat 6: edikan369 folded before Flop



PokerStars Zoom Hand #193677947883:  Hold'em No Limit ($0.01/$0.02) - 2018/11/24 14:08:45 CUST [2018/11/24 1:08:45 ET]
Table 'Halley' 6-max Seat #1 is the button
Seat 1: hc agorist ($1.97 in chips) 
Seat 2: Maverick_JPR ($2.68 in chips) 
Seat 3: nelsonvc285 ($2.43 in chips) 
Seat 4: Energetic71 ($2.01 in chips) 
Seat 5: Randal000 ($1.74 in chips) 
Seat 6: viz1030 ($1.63 in chips) 
Maverick_JPR: posts small blind $0.01
nelsonvc285: posts big blind $0.02
*** HOLE CARDS ***
Dealt to hc agorist [3s Js]
Energetic71: folds 
Randal000: raises $0.04 to $0.06
viz1030: raises $0.15 to $0.21
hc agorist: folds 
Maverick_JPR: raises $0.50 to $0.71
nelsonvc285: folds 
Randal000: folds 
viz1030: calls $0.50
*** FLOP *** [7h 2h 8s]
Maverick_JPR: bets $1.45
viz1030: calls $0.92 and is all-in
Uncalled bet ($0.53) returned to Maverick_JPR
*** TURN *** [7h 2h 8s] [As]
*** RIVER *** [7h 2h 8s As] [2c]
*** SHOW DOWN ***
Maverick_JPR: shows [Ad Kc] (two pair, Aces and Deuces)
viz1030: shows [Kh Qh] (a pair of Deuces)
Maverick_JPR collected $3.22 from pot
*** SUMMARY ***
Total pot $3.34 | Rake $0.12 
Board [7h 2h 8s As 2c]
Seat 1: hc agorist (button) folded before Flop (didn't bet)
Seat 2: Maverick_JPR (small blind) showed [Ad Kc] and won ($3.22) with two pair, Aces and Deuces
Seat 3: nelsonvc285 (big blind) folded before Flop
Seat 4: Energetic71 folded before Flop (didn't bet)
Seat 5: Randal000 folded before Flop
Seat 6: viz1030 showed [Kh Qh] and lost with a pair of Deuces



PokerStars Zoom Hand #193677954865:  Hold'em No Limit ($0.01/$0.02) - 2018/11/24 14:09:13 CUST [2018/11/24 1:09:13 ET]
Table 'Halley' 6-max Seat #1 is the button
Seat 1: Locidogi12 ($1.98 in chips) 
Seat 2: Destruct1on7 ($2.04 in chips) 
Seat 3: hc agorist ($1.96 in chips) 
Seat 4: Homer192788 ($1 in chips) 
Seat 5: badbeatnnn ($3.88 in chips) 
Seat 6: the Noths ($2 in chips) 
Destruct1on7: posts small blind $0.01
hc agorist: posts big blind $0.02
*** HOLE CARDS ***
Dealt to hc agorist [Td 8s]
Homer192788: folds 
badbeatnnn: folds 
the Noths: folds 
Locidogi12: folds 
Destruct1on7: folds 
Uncalled bet ($0.01) returned to hc agorist
hc agorist collected $0.02 from pot
hc agorist: doesn't show hand 
*** SUMMARY ***
Total pot $0.02 | Rake $0 
Seat 1: Locidogi12 (button) folded before Flop (didn't bet)
Seat 2: Destruct1on7 (small blind) folded before Flop
Seat 3: hc agorist (big blind) collected ($0.02)
Seat 4: Homer192788 folded before Flop (didn't bet)
Seat 5: badbeatnnn folded before Flop (didn't bet)
Seat 6: the Noths folded before Flop (didn't bet)



PokerStars Zoom Hand #193677952331:  Hold'em No Limit ($0.01/$0.02) - 2018/11/24 14:09:01 CUST [2018/11/24 1:09:01 ET]
Table 'Halley' 6-max Seat #1 is the button
Seat 1: hc agorist ($1.97 in chips) 
Seat 2: alexdg74 ($1.71 in chips) 
Seat 3: petuty[BR] ($2.40 in chips) 
Seat 4: Homer192788 ($1 in chips) 
Seat 5: Destruct1on7 ($2.36 in chips) 
Seat 6: xjn-china ($4.78 in chips) 
alexdg74: posts small blind $0.01
petuty[BR]: posts big blind $0.02
*** HOLE CARDS ***
Dealt to hc agorist [2c 3s]
Homer192788: folds 
Destruct1on7: folds 
xjn-china: raises $0.04 to $0.06
hc agorist: folds 
alexdg74: folds 
petuty[BR]: calls $0.04
*** FLOP *** [2d Kc Ad]
petuty[BR]: checks 
xjn-china: bets $0.06
petuty[BR]: calls $0.06
*** TURN *** [2d Kc Ad] [Jd]
petuty[BR]: checks 
xjn-china: checks 
*** RIVER *** [2d Kc Ad Jd] [9s]
petuty[BR]: checks 
xjn-china: bets $0.12
petuty[BR]: folds 
Uncalled bet ($0.12) returned to xjn-china
xjn-china collected $0.24 from pot
xjn-china: doesn't show hand 
*** SUMMARY ***
Total pot $0.25 | Rake $0.01 
Board [2d Kc Ad Jd 9s]
Seat 1: hc agorist (button) folded before Flop (didn't bet)
Seat 2: alexdg74 (small blind) folded before Flop
Seat 3: petuty[BR] (big blind) folded on the River
Seat 4: Homer192788 folded before Flop (didn't bet)
Seat 5: Destruct1on7 folded before Flop (didn't bet)
Seat 6: xjn-china collected ($0.24)



PokerStars Zoom Hand #193677959086:  Hold'em No Limit ($0.01/$0.02) - 2018/11/24 14:09:33 CUST [2018/11/24 1:09:33 ET]
Table 'Halley' 6-max Seat #1 is the button
Seat 1: n97845461 ($5.73 in chips) 
Seat 2: Energetic71 ($2 in chips) 
Seat 3: indextown ($2.27 in chips) 
Seat 4: soapppp ($2.52 in chips) 
Seat 5: hc agorist ($1.97 in chips) 
Seat 6: Bao_qiang798 ($2.05 in chips) 
Energetic71: posts small blind $0.01
indextown: posts big blind $0.02
*** HOLE CARDS ***
Dealt to hc agorist [Ts 8d]
soapppp: raises $0.03 to $0.05
hc agorist: folds 
Bao_qiang798: folds 
n97845461: folds 
Energetic71: folds 
indextown: folds 
Uncalled bet ($0.03) returned to soapppp
soapppp collected $0.05 from pot
soapppp: doesn't show hand 
*** SUMMARY ***
Total pot $0.05 | Rake $0 
Seat 1: n97845461 (button) folded before Flop (didn't bet)
Seat 2: Energetic71 (small blind) folded before Flop
Seat 3: indextown (big blind) folded before Flop
Seat 4: soapppp collected ($0.05)
Seat 5: hc agorist folded before Flop (didn't bet)
Seat 6: Bao_qiang798 folded before Flop (didn't bet)



PokerStars Zoom Hand #193677960292:  Hold'em No Limit ($0.01/$0.02) - 2018/11/24 14:09:39 CUST [2018/11/24 1:09:39 ET]
Table 'Halley' 6-max Seat #1 is the button
Seat 1: joelox25 ($3.23 in chips) 
Seat 2: Randal000 ($1.70 in chips) 
Seat 3: hc agorist ($1.97 in chips) 
Seat 4: Maverick_JPR ($4.28 in chips) 
Seat 5: taren666 ($2.47 in chips) 
Seat 6: mr.Fars ($1.57 in chips) 
Randal000: posts small blind $0.01
hc agorist: posts big blind $0.02
*** HOLE CARDS ***
Dealt to hc agorist [7c 2s]
Maverick_JPR: folds 
taren666: folds 
mr.Fars: folds 
joelox25: folds 
Randal000: folds 
Uncalled bet ($0.01) returned to hc agorist
hc agorist collected $0.02 from pot
hc agorist: doesn't show hand 
*** SUMMARY ***
Total pot $0.02 | Rake $0 
Seat 1: joelox25 (button) folded before Flop (didn't bet)
Seat 2: Randal000 (small blind) folded before Flop
Seat 3: hc agorist (big blind) collected ($0.02)
Seat 4: Maverick_JPR folded before Flop (didn't bet)
Seat 5: taren666 folded before Flop (didn't bet)
Seat 6: mr.Fars folded before Flop (didn't bet)



PokerStars Zoom Hand #193677964944:  Hold'em No Limit ($0.01/$0.02) - 2018/11/24 14:10:01 CUST [2018/11/24 1:10:01 ET]
Table 'Halley' 6-max Seat #1 is the button
Seat 1: hc agorist ($1.98 in chips) 
Seat 2: Maxart92 ($7.56 in chips) 
Seat 3: taren666 ($1.96 in chips) 
Seat 4: joelox25 ($3.26 in chips) 
Seat 5: taiszi ($3.27 in chips) 
Seat 6: slava031091 ($2.07 in chips) 
Maxart92: posts small blind $0.01
taren666: posts big blind $0.02
*** HOLE CARDS ***
Dealt to hc agorist [Jd 5h]
joelox25: folds 
taiszi: folds 
slava031091: folds 
hc agorist: folds 
Maxart92: folds 
Uncalled bet ($0.01) returned to taren666
taren666 collected $0.02 from pot
taren666: doesn't show hand 
*** SUMMARY ***
Total pot $0.02 | Rake $0 
Seat 1: hc agorist (button) folded before Flop (didn't bet)
Seat 2: Maxart92 (small blind) folded before Flop
Seat 3: taren666 (big blind) collected ($0.02)
Seat 4: joelox25 folded before Flop (didn't bet)
Seat 5: taiszi folded before Flop (didn't bet)
Seat 6: slava031091 folded before Flop (didn't bet)



PokerStars Zoom Hand #193677966013:  Hold'em No Limit ($0.01/$0.02) - 2018/11/24 14:10:06 CUST [2018/11/24 1:10:06 ET]
Table 'Halley' 6-max Seat #1 is the button
Seat 1: kenbou777 ($3.19 in chips) 
Seat 2: hc agorist ($1.98 in chips) 
Seat 3: JOKERAA597 ($2.12 in chips) 
Seat 4: rull230 ($2.25 in chips) 
Seat 5: StavrTar ($2.12 in chips) 
Seat 6: Asket[g1]21 ($2 in chips) 
hc agorist: posts small blind $0.01
JOKERAA597: posts big blind $0.02
*** HOLE CARDS ***
Dealt to hc agorist [5s Jh]
rull230: raises $0.03 to $0.05
StavrTar: folds 
Asket[g1]21: folds 
kenbou777: folds 
hc agorist: folds 
JOKERAA597: folds 
Uncalled bet ($0.03) returned to rull230
rull230 collected $0.05 from pot
rull230: doesn't show hand 
*** SUMMARY ***
Total pot $0.05 | Rake $0 
Seat 1: kenbou777 (button) folded before Flop (didn't bet)
Seat 2: hc agorist (small blind) folded before Flop
Seat 3: JOKERAA597 (big blind) folded before Flop
Seat 4: rull230 collected ($0.05)
Seat 5: StavrTar folded before Flop (didn't bet)
Seat 6: Asket[g1]21 folded before Flop (didn't bet)



PokerStars Zoom Hand #193677962860:  Hold'em No Limit ($0.01/$0.02) - 2018/11/24 14:09:51 CUST [2018/11/24 1:09:51 ET]
Table 'Halley' 6-max Seat #1 is the button
Seat 1: YTAKF ($1.22 in chips) 
Seat 2: Bao_qiang798 ($2.06 in chips) 
Seat 3: aturam ($1.97 in chips) 
Seat 4: andy101handy ($1.30 in chips) 
Seat 5: PE8512 ($1.42 in chips) 
Seat 6: hc agorist ($1.98 in chips) 
Bao_qiang798: posts small blind $0.01
aturam: posts big blind $0.02
*** HOLE CARDS ***
Dealt to hc agorist [Jh 4s]
andy101handy: calls $0.02
PE8512 has timed out
PE8512: folds 
hc agorist: folds 
YTAKF: calls $0.02
Bao_qiang798: folds 
aturam: checks 
*** FLOP *** [5d Qc 8c]
aturam: checks 
andy101handy: checks 
YTAKF: bets $0.04
aturam: folds 
andy101handy: folds 
Uncalled bet ($0.04) returned to YTAKF
YTAKF collected $0.07 from pot
YTAKF: doesn't show hand 
*** SUMMARY ***
Total pot $0.07 | Rake $0 
Board [5d Qc 8c]
Seat 1: YTAKF (button) collected ($0.07)
Seat 2: Bao_qiang798 (small blind) folded before Flop
Seat 3: aturam (big blind) folded on the Flop
Seat 4: andy101handy folded on the Flop
Seat 5: PE8512 folded before Flop (didn't bet)
Seat 6: hc agorist folded before Flop (didn't bet)



PokerStars Zoom Hand #193677967072:  Hold'em No Limit ($0.01/$0.02) - 2018/11/24 14:10:11 CUST [2018/11/24 1:10:11 ET]
Table 'Halley' 6-max Seat #1 is the button
Seat 1: kotexboy ($2.01 in chips) 
Seat 2: cambaguaso ($4.31 in chips) 
Seat 3: HeyItsM3 ($2 in chips) 
Seat 4: L.FernandoCE ($4.55 in chips) 
Seat 5: hc agorist ($1.97 in chips) 
Seat 6: evgenii40555 ($1.36 in chips) 
cambaguaso: posts small blind $0.01
HeyItsM3: posts big blind $0.02
*** HOLE CARDS ***
Dealt to hc agorist [Kd 9c]
L.FernandoCE: folds 
hc agorist: raises $0.02 to $0.04
evgenii40555: folds 
kotexboy: folds 
cambaguaso: folds 
HeyItsM3: folds 
Uncalled bet ($0.02) returned to hc agorist
hc agorist collected $0.05 from pot
hc agorist: doesn't show hand 
*** SUMMARY ***
Total pot $0.05 | Rake $0 
Seat 1: kotexboy (button) folded before Flop (didn't bet)
Seat 2: cambaguaso (small blind) folded before Flop
Seat 3: HeyItsM3 (big blind) folded before Flop
Seat 4: L.FernandoCE folded before Flop (didn't bet)
Seat 5: hc agorist collected ($0.05)
Seat 6: evgenii40555 folded before Flop (didn't bet)



PokerStars Zoom Hand #193677963923:  Hold'em No Limit ($0.01/$0.02) - 2018/11/24 14:09:56 CUST [2018/11/24 1:09:56 ET]
Table 'Halley' 6-max Seat #1 is the button
Seat 1: gio!!!160490 ($2.27 in chips) 
Seat 2: ChenFish ($2 in chips) 
Seat 3: Igrok 1420 ($2 in chips) 
Seat 4: hc agorist ($1.98 in chips) 
Seat 5: straiki ($1 in chips) 
Seat 6: tenyu95 ($1.92 in chips) 
ChenFish: posts small blind $0.01
Igrok 1420: posts big blind $0.02
*** HOLE CARDS ***
Dealt to hc agorist [7c Qh]
hc agorist: folds 
straiki: folds 
tenyu95: folds 
gio!!!160490: raises $0.03 to $0.05
ChenFish: folds 
Igrok 1420: calls $0.03
*** FLOP *** [4h 8c Ah]
Igrok 1420: checks 
gio!!!160490: checks 
*** TURN *** [4h 8c Ah] [2c]
Igrok 1420: bets $0.03
gio!!!160490: folds 
Uncalled bet ($0.03) returned to Igrok 1420
Igrok 1420 collected $0.11 from pot
Igrok 1420: doesn't show hand 
*** SUMMARY ***
Total pot $0.11 | Rake $0 
Board [4h 8c Ah 2c]
Seat 1: gio!!!160490 (button) folded on the Turn
Seat 2: ChenFish (small blind) folded before Flop
Seat 3: Igrok 1420 (big blind) collected ($0.11)
Seat 4: hc agorist folded before Flop (didn't bet)
Seat 5: straiki folded before Flop (didn't bet)
Seat 6: tenyu95 folded before Flop (didn't bet)



PokerStars Zoom Hand #193677971004:  Hold'em No Limit ($0.01/$0.02) - 2018/11/24 14:10:30 CUST [2018/11/24 1:10:30 ET]
Table 'Halley' 6-max Seat #1 is the button
Seat 1: taren666 ($1.61 in chips) 
Seat 2: kakoytotip ($2.05 in chips) 
Seat 3: Agno$tic ($7.39 in chips) 
Seat 4: Lakchenko ($1.26 in chips) 
Seat 5: Ninelions ($2.93 in chips) 
Seat 6: hc agorist ($2 in chips) 
kakoytotip: posts small blind $0.01
Agno$tic: posts big blind $0.02
*** HOLE CARDS ***
Dealt to hc agorist [Qs 9h]
Lakchenko: folds 
Ninelions: raises $0.04 to $0.06
hc agorist: folds 
taren666: folds 
kakoytotip: folds 
Agno$tic: folds 
Uncalled bet ($0.04) returned to Ninelions
Ninelions collected $0.05 from pot
Ninelions: doesn't show hand 
*** SUMMARY ***
Total pot $0.05 | Rake $0 
Seat 1: taren666 (button) folded before Flop (didn't bet)
Seat 2: kakoytotip (small blind) folded before Flop
Seat 3: Agno$tic (big blind) folded before Flop
Seat 4: Lakchenko folded before Flop (didn't bet)
Seat 5: Ninelions collected ($0.05)
Seat 6: hc agorist folded before Flop (didn't bet)



PokerStars Zoom Hand #193677972122:  Hold'em No Limit ($0.01/$0.02) - 2018/11/24 14:10:35 CUST [2018/11/24 1:10:35 ET]
Table 'Halley' 6-max Seat #1 is the button
Seat 1: hoyosuk513 ($2.54 in chips) 
Seat 2: sun10011 ($2 in chips) 
Seat 3: n97845461 ($2.99 in chips) 
Seat 4: hc agorist ($2 in chips) 
Seat 5: Bibimbab ($6.46 in chips) 
Seat 6: WinziF ($4.98 in chips) 
sun10011: posts small blind $0.01
n97845461: posts big blind $0.02
*** HOLE CARDS ***
Dealt to hc agorist [8d 8s]
hc agorist: raises $0.02 to $0.04
Bibimbab: folds 
WinziF: folds 
hoyosuk513: folds 
sun10011: folds 
n97845461: calls $0.02
*** FLOP *** [Qc 7h 4s]
n97845461: checks 
hc agorist: bets $0.03
n97845461: folds 
Uncalled bet ($0.03) returned to hc agorist
hc agorist collected $0.09 from pot
hc agorist: doesn't show hand 
*** SUMMARY ***
Total pot $0.09 | Rake $0 
Board [Qc 7h 4s]
Seat 1: hoyosuk513 (button) folded before Flop (didn't bet)
Seat 2: sun10011 (small blind) folded before Flop
Seat 3: n97845461 (big blind) folded on the Flop
Seat 4: hc agorist collected ($0.09)
Seat 5: Bibimbab folded before Flop (didn't bet)
Seat 6: WinziF folded before Flop (didn't bet)



PokerStars Zoom Hand #193677977670:  Hold'em No Limit ($0.01/$0.02) - 2018/11/24 14:11:01 CUST [2018/11/24 1:11:01 ET]
Table 'Halley' 6-max Seat #1 is the button
Seat 1: DRONI RUS ($2 in chips) 
Seat 2: WinziF ($2.66 in chips) 
Seat 3: conik111 ($2.46 in chips) 
Seat 4: hc agorist ($2.05 in chips) 
Seat 5: alexrain600 ($2.42 in chips) 
Seat 6: ivan88533 ($3.66 in chips) 
WinziF: posts small blind $0.01
conik111: posts big blind $0.02
*** HOLE CARDS ***
Dealt to hc agorist [Ah Ac]
hc agorist: raises $0.02 to $0.04
alexrain600: calls $0.04
ivan88533: calls $0.04
DRONI RUS: folds 
WinziF: folds 
conik111: folds 
*** FLOP *** [6c 8h 8d]
hc agorist: bets $0.08
alexrain600: folds 
ivan88533: calls $0.08
*** TURN *** [6c 8h 8d] [Tc]
hc agorist: bets $0.24
ivan88533: calls $0.24
*** RIVER *** [6c 8h 8d Tc] [6h]
hc agorist: checks 
ivan88533: bets $3.30 and is all-in
hc agorist: folds 
Uncalled bet ($3.30) returned to ivan88533
ivan88533 collected $0.76 from pot
ivan88533: doesn't show hand 
*** SUMMARY ***
Total pot $0.79 | Rake $0.03 
Board [6c 8h 8d Tc 6h]
Seat 1: DRONI RUS (button) folded before Flop (didn't bet)
Seat 2: WinziF (small blind) folded before Flop
Seat 3: conik111 (big blind) folded before Flop
Seat 4: hc agorist folded on the River
Seat 5: alexrain600 folded on the Flop
Seat 6: ivan88533 collected ($0.76)



PokerStars Zoom Hand #193677986881:  Hold'em No Limit ($0.01/$0.02) - 2018/11/24 14:11:44 CUST [2018/11/24 1:11:44 ET]
Table 'Halley' 6-max Seat #1 is the button
Seat 1: Locidogi12 ($3.90 in chips) 
Seat 2: Lakchenko ($1.27 in chips) 
Seat 3: hc agorist ($1.69 in chips) 
Seat 4: Aegeides ($2.06 in chips) 
Seat 5: AlexeyTripov ($0.99 in chips) 
Seat 6: bafometh ($0.94 in chips) 
Lakchenko: posts small blind $0.01
hc agorist: posts big blind $0.02
*** HOLE CARDS ***
Dealt to hc agorist [7h Ts]
Aegeides: folds 
AlexeyTripov: folds 
bafometh: folds 
Locidogi12: folds 
Lakchenko: folds 
Uncalled bet ($0.01) returned to hc agorist
hc agorist collected $0.02 from pot
hc agorist: doesn't show hand 
*** SUMMARY ***
Total pot $0.02 | Rake $0 
Seat 1: Locidogi12 (button) folded before Flop (didn't bet)
Seat 2: Lakchenko (small blind) folded before Flop
Seat 3: hc agorist (big blind) collected ($0.02)
Seat 4: Aegeides folded before Flop (didn't bet)
Seat 5: AlexeyTripov folded before Flop (didn't bet)
Seat 6: bafometh folded before Flop (didn't bet)



PokerStars Zoom Hand #193677988809:  Hold'em No Limit ($0.01/$0.02) - 2018/11/24 14:11:53 CUST [2018/11/24 1:11:53 ET]
Table 'Halley' 6-max Seat #1 is the button
Seat 1: TheL1ke ($2.02 in chips) 
Seat 2: TheDonkHouse ($2.07 in chips) 
Seat 3: mosizzy ($2.97 in chips) 
Seat 4: hoyosuk513 ($2.73 in chips) 
Seat 5: hc agorist ($1.70 in chips) 
Seat 6: DungLingCha ($3.72 in chips) 
TheDonkHouse: posts small blind $0.01
mosizzy: posts big blind $0.02
*** HOLE CARDS ***
Dealt to hc agorist [Qh Jc]
hoyosuk513: folds 
hc agorist: raises $0.02 to $0.04
DungLingCha: folds 
TheL1ke: folds 
TheDonkHouse: calls $0.03
mosizzy: calls $0.02
*** FLOP *** [Kc Kd 4d]
TheDonkHouse: checks 
mosizzy: checks 
hc agorist: bets $0.08
TheDonkHouse: folds 
mosizzy: folds 
Uncalled bet ($0.08) returned to hc agorist
hc agorist collected $0.12 from pot
hc agorist: doesn't show hand 
*** SUMMARY ***
Total pot $0.12 | Rake $0 
Board [Kc Kd 4d]
Seat 1: TheL1ke (button) folded before Flop (didn't bet)
Seat 2: TheDonkHouse (small blind) folded on the Flop
Seat 3: mosizzy (big blind) folded on the Flop
Seat 4: hoyosuk513 folded before Flop (didn't bet)
Seat 5: hc agorist collected ($0.12)
Seat 6: DungLingCha folded before Flop (didn't bet)



PokerStars Zoom Hand #193677996008:  Hold'em No Limit ($0.01/$0.02) - 2018/11/24 14:12:27 CUST [2018/11/24 1:12:27 ET]
Table 'Halley' 6-max Seat #1 is the button
Seat 1: V.Sibirtsev ($2.88 in chips) 
Seat 2: hc agorist ($1.78 in chips) 
Seat 3: Nurik1111 ($3.29 in chips) 
Seat 4: Agno$tic ($3.39 in chips) 
Seat 5: foodchem13 ($0.99 in chips) 
Seat 6: Parker09SA ($2.51 in chips) 
hc agorist: posts small blind $0.01
Nurik1111: posts big blind $0.02
*** HOLE CARDS ***
Dealt to hc agorist [6c 7c]
Agno$tic: folds 
foodchem13: raises $0.04 to $0.06
Parker09SA: calls $0.06
V.Sibirtsev: folds 
hc agorist: raises $0.20 to $0.26
Nurik1111: folds 
foodchem13: folds 
Parker09SA: folds 
Uncalled bet ($0.20) returned to hc agorist
hc agorist collected $0.20 from pot
hc agorist: doesn't show hand 
*** SUMMARY ***
Total pot $0.20 | Rake $0 
Seat 1: V.Sibirtsev (button) folded before Flop (didn't bet)
Seat 2: hc agorist (small blind) collected ($0.20)
Seat 3: Nurik1111 (big blind) folded before Flop
Seat 4: Agno$tic folded before Flop (didn't bet)
Seat 5: foodchem13 folded before Flop
Seat 6: Parker09SA folded before Flop



PokerStars Zoom Hand #193678000213:  Hold'em No Limit ($0.01/$0.02) - 2018/11/24 14:12:47 CUST [2018/11/24 1:12:47 ET]
Table 'Halley' 6-max Seat #1 is the button
Seat 1: hc agorist ($1.92 in chips) 
Seat 2: Maxart92 ($7.38 in chips) 
Seat 3: XAMAXACALA ($8 in chips) 
Seat 4: sun10011 ($2.08 in chips) 
Seat 5: CAI+23-7copa ($2.18 in chips) 
Seat 6: slava031091 ($3.14 in chips) 
Maxart92: posts small blind $0.01
XAMAXACALA: posts big blind $0.02
*** HOLE CARDS ***
Dealt to hc agorist [3s 4s]
sun10011: folds 
CAI+23-7copa: folds 
slava031091: folds 
hc agorist: raises $0.02 to $0.04
Maxart92: folds 
XAMAXACALA: raises $0.09 to $0.13
hc agorist: calls $0.09
*** FLOP *** [As 2c 4d]
XAMAXACALA: bets $0.12
hc agorist: calls $0.12
*** TURN *** [As 2c 4d] [9s]
XAMAXACALA: bets $0.48
hc agorist: calls $0.48
*** RIVER *** [As 2c 4d 9s] [5s]
XAMAXACALA: bets $1.42
hc agorist: calls $1.19 and is all-in
Uncalled bet ($0.23) returned to XAMAXACALA
*** SHOW DOWN ***
XAMAXACALA: shows [Td Kd] (high card Ace)
hc agorist: shows [3s 4s] (a flush, Ace high)
hc agorist collected $3.72 from pot
*** SUMMARY ***
Total pot $3.85 | Rake $0.13 
Board [As 2c 4d 9s 5s]
Seat 1: hc agorist (button) showed [3s 4s] and won ($3.72) with a flush, Ace high
Seat 2: Maxart92 (small blind) folded before Flop
Seat 3: XAMAXACALA (big blind) showed [Td Kd] and lost with high card Ace
Seat 4: sun10011 folded before Flop (didn't bet)
Seat 5: CAI+23-7copa folded before Flop (didn't bet)
Seat 6: slava031091 folded before Flop (didn't bet)



PokerStars Zoom Hand #193678010489:  Hold'em No Limit ($0.01/$0.02) - 2018/11/24 14:13:36 CUST [2018/11/24 1:13:36 ET]
Table 'Halley' 6-max Seat #1 is the button
Seat 1: sorokin21 ($2 in chips) 
Seat 2: gertrude1904 ($0.85 in chips) 
Seat 3: kenbou777 ($2 in chips) 
Seat 4: Dimach702K ($8.95 in chips) 
Seat 5: rychuryszard ($2.64 in chips) 
Seat 6: hc agorist ($3.72 in chips) 
gertrude1904: posts small blind $0.01
kenbou777: posts big blind $0.02
*** HOLE CARDS ***
Dealt to hc agorist [9d Jd]
Dimach702K: folds 
rychuryszard: folds 
hc agorist: raises $0.02 to $0.04
sorokin21: folds 
gertrude1904: folds 
kenbou777: folds 
Uncalled bet ($0.02) returned to hc agorist
hc agorist collected $0.05 from pot
hc agorist: doesn't show hand 
*** SUMMARY ***
Total pot $0.05 | Rake $0 
Seat 1: sorokin21 (button) folded before Flop (didn't bet)
Seat 2: gertrude1904 (small blind) folded before Flop
Seat 3: kenbou777 (big blind) folded before Flop
Seat 4: Dimach702K folded before Flop (didn't bet)
Seat 5: rychuryszard folded before Flop (didn't bet)
Seat 6: hc agorist collected ($0.05)



PokerStars Zoom Hand #193678013212:  Hold'em No Limit ($0.01/$0.02) - 2018/11/24 14:13:49 CUST [2018/11/24 1:13:49 ET]
Table 'Halley' 6-max Seat #1 is the button
Seat 1: Locidogi12 ($1.03 in chips) 
Seat 2: Maxart92 ($7.42 in chips) 
Seat 3: kyoubaku ($2 in chips) 
Seat 4: Asket[g1]21 ($2.23 in chips) 
Seat 5: hc agorist ($3.75 in chips) 
Seat 6: alexdg74 ($1.97 in chips) 
Maxart92: posts small blind $0.01
kyoubaku: posts big blind $0.02
*** HOLE CARDS ***
Dealt to hc agorist [Th Jh]
Asket[g1]21: raises $0.03 to $0.05
hc agorist: calls $0.05
alexdg74: folds 
Locidogi12: folds 
Maxart92: folds 
kyoubaku: folds 
*** FLOP *** [5d Qs 7c]
Asket[g1]21: bets $0.04
hc agorist: calls $0.04
*** TURN *** [5d Qs 7c] [Ad]
Asket[g1]21: bets $0.06
hc agorist: folds 
Uncalled bet ($0.06) returned to Asket[g1]21
Asket[g1]21 collected $0.20 from pot
Asket[g1]21: doesn't show hand 
*** SUMMARY ***
Total pot $0.21 | Rake $0.01 
Board [5d Qs 7c Ad]
Seat 1: Locidogi12 (button) folded before Flop (didn't bet)
Seat 2: Maxart92 (small blind) folded before Flop
Seat 3: kyoubaku (big blind) folded before Flop
Seat 4: Asket[g1]21 collected ($0.20)
Seat 5: hc agorist folded on the Turn
Seat 6: alexdg74 folded before Flop (didn't bet)



PokerStars Zoom Hand #193678020738:  Hold'em No Limit ($0.01/$0.02) - 2018/11/24 14:14:24 CUST [2018/11/24 1:14:24 ET]
Table 'Halley' 6-max Seat #1 is the button
Seat 1: Igrok 1420 ($2.10 in chips) 
Seat 2: 4cidwave ($2.02 in chips) 
Seat 3: hc agorist ($3.66 in chips) 
Seat 4: bafometh ($0.86 in chips) 
Seat 5: hoyosuk513 ($3.87 in chips) 
Seat 6: gio!!!160490 ($2 in chips) 
4cidwave: posts small blind $0.01
hc agorist: posts big blind $0.02
*** HOLE CARDS ***
Dealt to hc agorist [5d 4c]
bafometh: folds 
hoyosuk513: folds 
gio!!!160490: folds 
Igrok 1420: folds 
4cidwave: folds 
Uncalled bet ($0.01) returned to hc agorist
hc agorist collected $0.02 from pot
hc agorist: doesn't show hand 
*** SUMMARY ***
Total pot $0.02 | Rake $0 
Seat 1: Igrok 1420 (button) folded before Flop (didn't bet)
Seat 2: 4cidwave (small blind) folded before Flop
Seat 3: hc agorist (big blind) collected ($0.02)
Seat 4: bafometh folded before Flop (didn't bet)
Seat 5: hoyosuk513 folded before Flop (didn't bet)
Seat 6: gio!!!160490 folded before Flop (didn't bet)



PokerStars Zoom Hand #193678022699:  Hold'em No Limit ($0.01/$0.02) - 2018/11/24 14:14:33 CUST [2018/11/24 1:14:33 ET]
Table 'Halley' 6-max Seat #1 is the button
Seat 1: L.FernandoCE ($4.23 in chips) 
Seat 2: taren666 ($2.16 in chips) 
Seat 3: Hertta_AK ($2 in chips) 
Seat 4: sorokin21 ($2 in chips) 
Seat 5: Homer192788 ($1.80 in chips) 
Seat 6: hc agorist ($3.67 in chips) 
taren666: posts small blind $0.01
Hertta_AK: posts big blind $0.02
*** HOLE CARDS ***
Dealt to hc agorist [3s 7c]
sorokin21: folds 
Homer192788: folds 
hc agorist: folds 
L.FernandoCE: folds 
taren666: folds 
Uncalled bet ($0.01) returned to Hertta_AK
Hertta_AK collected $0.02 from pot
Hertta_AK: doesn't show hand 
*** SUMMARY ***
Total pot $0.02 | Rake $0 
Seat 1: L.FernandoCE (button) folded before Flop (didn't bet)
Seat 2: taren666 (small blind) folded before Flop
Seat 3: Hertta_AK (big blind) collected ($0.02)
Seat 4: sorokin21 folded before Flop (didn't bet)
Seat 5: Homer192788 folded before Flop (didn't bet)
Seat 6: hc agorist folded before Flop (didn't bet)



PokerStars Zoom Hand #193678023732:  Hold'em No Limit ($0.01/$0.02) - 2018/11/24 14:14:38 CUST [2018/11/24 1:14:38 ET]
Table 'Halley' 6-max Seat #1 is the button
Seat 1: HeyItsM3 ($2 in chips) 
Seat 2: hc agorist ($3.67 in chips) 
Seat 3: Nurik1111 ($4.21 in chips) 
Seat 4: Homer192788 ($1.80 in chips) 
Seat 5: sun10011 ($2 in chips) 
Seat 6: gertrude1904 ($0.86 in chips) 
hc agorist: posts small blind $0.01
Nurik1111: posts big blind $0.02
*** HOLE CARDS ***
Dealt to hc agorist [2s 7d]
Homer192788: folds 
sun10011: folds 
gertrude1904: folds 
HeyItsM3: folds 
hc agorist: folds 
Uncalled bet ($0.01) returned to Nurik1111
Nurik1111 collected $0.02 from pot
Nurik1111: doesn't show hand 
*** SUMMARY ***
Total pot $0.02 | Rake $0 
Seat 1: HeyItsM3 (button) folded before Flop (didn't bet)
Seat 2: hc agorist (small blind) folded before Flop
Seat 3: Nurik1111 (big blind) collected ($0.02)
Seat 4: Homer192788 folded before Flop (didn't bet)
Seat 5: sun10011 folded before Flop (didn't bet)
Seat 6: gertrude1904 folded before Flop (didn't bet)



PokerStars Zoom Hand #193678027766:  Hold'em No Limit ($0.01/$0.02) - 2018/11/24 14:14:57 CUST [2018/11/24 1:14:57 ET]
Table 'Halley' 6-max Seat #1 is the button
Seat 1: Ninelions ($3.38 in chips) 
Seat 2: flixdu ($1.70 in chips) 
Seat 3: hc agorist ($3.66 in chips) 
Seat 4: Energetic71 ($2.31 in chips) 
Seat 5: HUALSTER ($2.67 in chips) 
Seat 6: sun10011 ($2.03 in chips) 
flixdu: posts small blind $0.01
hc agorist: posts big blind $0.02
*** HOLE CARDS ***
Dealt to hc agorist [2s 3h]
Energetic71: folds 
HUALSTER: raises $0.05 to $0.07
sun10011: folds 
Ninelions: folds 
flixdu: folds 
hc agorist: folds 
Uncalled bet ($0.05) returned to HUALSTER
HUALSTER collected $0.05 from pot
HUALSTER: doesn't show hand 
*** SUMMARY ***
Total pot $0.05 | Rake $0 
Seat 1: Ninelions (button) folded before Flop (didn't bet)
Seat 2: flixdu (small blind) folded before Flop
Seat 3: hc agorist (big blind) folded before Flop
Seat 4: Energetic71 folded before Flop (didn't bet)
Seat 5: HUALSTER collected ($0.05)
Seat 6: sun10011 folded before Flop (didn't bet)



PokerStars Zoom Hand #193678025627:  Hold'em No Limit ($0.01/$0.02) - 2018/11/24 14:14:47 CUST [2018/11/24 1:14:47 ET]
Table 'Halley' 6-max Seat #1 is the button
Seat 1: hc agorist ($3.66 in chips) 
Seat 2: slava031091 ($2.79 in chips) 
Seat 3: Krawicz ($2 in chips) 
Seat 4: n97845461 ($3.08 in chips) 
Seat 5: denham888 ($1.78 in chips) 
Seat 6: Lakchenko ($2.34 in chips) 
slava031091: posts small blind $0.01
Krawicz: posts big blind $0.02
*** HOLE CARDS ***
Dealt to hc agorist [Js 8s]
n97845461: raises $0.04 to $0.06
denham888: calls $0.06
Lakchenko: folds 
hc agorist: folds 
slava031091: folds 
Krawicz: calls $0.04
*** FLOP *** [2s Ad Ac]
Krawicz: checks 
n97845461: checks 
denham888: checks 
*** TURN *** [2s Ad Ac] [7d]
Krawicz: bets $0.14
n97845461: folds 
denham888: folds 
Uncalled bet ($0.14) returned to Krawicz
Krawicz collected $0.18 from pot
Krawicz: doesn't show hand 
*** SUMMARY ***
Total pot $0.19 | Rake $0.01 
Board [2s Ad Ac 7d]
Seat 1: hc agorist (button) folded before Flop (didn't bet)
Seat 2: slava031091 (small blind) folded before Flop
Seat 3: Krawicz (big blind) collected ($0.18)
Seat 4: n97845461 folded on the Turn
Seat 5: denham888 folded on the Turn
Seat 6: Lakchenko folded before Flop (didn't bet)



PokerStars Zoom Hand #193678029258:  Hold'em No Limit ($0.01/$0.02) - 2018/11/24 14:15:04 CUST [2018/11/24 1:15:04 ET]
Table 'Halley' 6-max Seat #1 is the button
Seat 1: kyljmn ($1.06 in chips) 
Seat 2: kotexboy ($2 in chips) 
Seat 3: PE8512 ($6.02 in chips) 
Seat 4: hc agorist ($3.64 in chips) 
Seat 5: slava031091 ($2.81 in chips) 
Seat 6: Locidogi12 ($1.24 in chips) 
kotexboy: posts small blind $0.01
PE8512: posts big blind $0.02
*** HOLE CARDS ***
Dealt to hc agorist [2s 2d]
hc agorist: raises $0.02 to $0.04
slava031091: folds 
Locidogi12: folds 
kyljmn: folds 
kotexboy: folds 
PE8512: folds 
Uncalled bet ($0.02) returned to hc agorist
hc agorist collected $0.05 from pot
hc agorist: doesn't show hand 
*** SUMMARY ***
Total pot $0.05 | Rake $0 
Seat 1: kyljmn (button) folded before Flop (didn't bet)
Seat 2: kotexboy (small blind) folded before Flop
Seat 3: PE8512 (big blind) folded before Flop
Seat 4: hc agorist collected ($0.05)
Seat 5: slava031091 folded before Flop (didn't bet)
Seat 6: Locidogi12 folded before Flop (didn't bet)



PokerStars Zoom Hand #193678019666:  Hold'em No Limit ($0.01/$0.02) - 2018/11/24 14:14:19 CUST [2018/11/24 1:14:19 ET]
Table 'Halley' 6-max Seat #1 is the button
Seat 1: bocha1943 ($2.02 in chips) 
Seat 2: rull230 ($2.74 in chips) 
Seat 3: RATO NUCLEO ($2 in chips) 
Seat 4: hc agorist ($3.66 in chips) 
Seat 5: sun10011 ($2 in chips) 
Seat 6: DiegoARS17 ($2.35 in chips) 
rull230: posts small blind $0.01
RATO NUCLEO: posts big blind $0.02
*** HOLE CARDS ***
Dealt to hc agorist [8h Qh]
hc agorist: folds 
sun10011: folds 
DiegoARS17: raises $0.04 to $0.06
bocha1943: folds 
rull230: folds 
RATO NUCLEO: calls $0.04
*** FLOP *** [2s 3h Th]
RATO NUCLEO: checks 
DiegoARS17: checks 
*** TURN *** [2s 3h Th] [Qd]
RATO NUCLEO: checks 
DiegoARS17: bets $0.04
RATO NUCLEO: calls $0.04
*** RIVER *** [2s 3h Th Qd] [5d]
RATO NUCLEO: checks 
DiegoARS17: bets $0.20
RATO NUCLEO: folds 
Uncalled bet ($0.20) returned to DiegoARS17
DiegoARS17 collected $0.20 from pot
DiegoARS17: doesn't show hand 
*** SUMMARY ***
Total pot $0.21 | Rake $0.01 
Board [2s 3h Th Qd 5d]
Seat 1: bocha1943 (button) folded before Flop (didn't bet)
Seat 2: rull230 (small blind) folded before Flop
Seat 3: RATO NUCLEO (big blind) folded on the River
Seat 4: hc agorist folded before Flop (didn't bet)
Seat 5: sun10011 folded before Flop (didn't bet)
Seat 6: DiegoARS17 collected ($0.20)



PokerStars Zoom Hand #193678032373:  Hold'em No Limit ($0.01/$0.02) - 2018/11/24 14:15:19 CUST [2018/11/24 1:15:19 ET]
Table 'Halley' 6-max Seat #1 is the button
Seat 1: Bao_qiang798 ($2.31 in chips) 
Seat 2: hc agorist ($3.67 in chips) 
Seat 3: ikzw ($2.65 in chips) 
Seat 4: RECHUK ($1.01 in chips) 
Seat 5: Agno$tic ($2.09 in chips) 
Seat 6: Ratazzana777 ($7.23 in chips) 
hc agorist: posts small blind $0.01
ikzw: posts big blind $0.02
*** HOLE CARDS ***
Dealt to hc agorist [Kc 9d]
RECHUK: folds 
Agno$tic: folds 
Ratazzana777: raises $0.04 to $0.06
Bao_qiang798: folds 
hc agorist: folds 
ikzw: folds 
Uncalled bet ($0.04) returned to Ratazzana777
Ratazzana777 collected $0.05 from pot
Ratazzana777: doesn't show hand 
*** SUMMARY ***
Total pot $0.05 | Rake $0 
Seat 1: Bao_qiang798 (button) folded before Flop (didn't bet)
Seat 2: hc agorist (small blind) folded before Flop
Seat 3: ikzw (big blind) folded before Flop
Seat 4: RECHUK folded before Flop (didn't bet)
Seat 5: Agno$tic folded before Flop (didn't bet)
Seat 6: Ratazzana777 collected ($0.05)



PokerStars Zoom Hand #193678035113:  Hold'em No Limit ($0.01/$0.02) - 2018/11/24 14:15:32 CUST [2018/11/24 1:15:32 ET]
Table 'Halley' 6-max Seat #1 is the button
Seat 1: hc agorist ($3.66 in chips) 
Seat 2: tenyu95 ($1.95 in chips) 
Seat 3: mslima88 ($2.02 in chips) 
Seat 4: filimon1983 ($4.49 in chips) 
Seat 5: SKFin ($1.97 in chips) 
Seat 6: Cat_is_here ($1.71 in chips) 
tenyu95: posts small blind $0.01
mslima88: posts big blind $0.02
*** HOLE CARDS ***
Dealt to hc agorist [Qh Ah]
filimon1983: folds 
SKFin: folds 
Cat_is_here: folds 
hc agorist: raises $0.02 to $0.04
tenyu95: folds 
mslima88: folds 
Uncalled bet ($0.02) returned to hc agorist
hc agorist collected $0.05 from pot
hc agorist: doesn't show hand 
*** SUMMARY ***
Total pot $0.05 | Rake $0 
Seat 1: hc agorist (button) collected ($0.05)
Seat 2: tenyu95 (small blind) folded before Flop
Seat 3: mslima88 (big blind) folded before Flop
Seat 4: filimon1983 folded before Flop (didn't bet)
Seat 5: SKFin folded before Flop (didn't bet)
Seat 6: Cat_is_here folded before Flop (didn't bet)



PokerStars Zoom Hand #193678038523:  Hold'em No Limit ($0.01/$0.02) - 2018/11/24 14:15:48 CUST [2018/11/24 1:15:48 ET]
Table 'Halley' 6-max Seat #1 is the button
Seat 1: taiszi ($2.85 in chips) 
Seat 2: bablorun ($1.98 in chips) 
Seat 3: Maxart92 ($3.01 in chips) 
Seat 4: mosizzy ($1.82 in chips) 
Seat 5: MainFisher ($2 in chips) 
Seat 6: hc agorist ($3.69 in chips) 
bablorun: posts small blind $0.01
Maxart92: posts big blind $0.02
*** HOLE CARDS ***
Dealt to hc agorist [5d Jd]
mosizzy: folds 
MainFisher: folds 
hc agorist: folds 
taiszi: folds 
bablorun: raises $0.04 to $0.06
Maxart92: folds 
Uncalled bet ($0.04) returned to bablorun
bablorun collected $0.04 from pot
bablorun: doesn't show hand 
*** SUMMARY ***
Total pot $0.04 | Rake $0 
Seat 1: taiszi (button) folded before Flop (didn't bet)
Seat 2: bablorun (small blind) collected ($0.04)
Seat 3: Maxart92 (big blind) folded before Flop
Seat 4: mosizzy folded before Flop (didn't bet)
Seat 5: MainFisher folded before Flop (didn't bet)
Seat 6: hc agorist folded before Flop (didn't bet)



PokerStars Zoom Hand #193678040640:  Hold'em No Limit ($0.01/$0.02) - 2018/11/24 14:15:58 CUST [2018/11/24 1:15:58 ET]
Table 'Halley' 6-max Seat #1 is the button
Seat 1: demon7521 ($3.34 in chips) 
Seat 2: badbeatnnn ($4.65 in chips) 
Seat 3: San zou 1 ($1.13 in chips) 
Seat 4: hc agorist ($3.69 in chips) 
Seat 5: sergeiv13 ($2.57 in chips) 
Seat 6: pokerdomss ($2.93 in chips) 
badbeatnnn: posts small blind $0.01
San zou 1: posts big blind $0.02
*** HOLE CARDS ***
Dealt to hc agorist [Jh Td]
hc agorist: raises $0.02 to $0.04
sergeiv13: folds 
pokerdomss: folds 
demon7521: calls $0.04
badbeatnnn: folds 
San zou 1: calls $0.02
*** FLOP *** [9d Ks 3h]
San zou 1: checks 
hc agorist: bets $0.10
demon7521: folds 
San zou 1: folds 
Uncalled bet ($0.10) returned to hc agorist
hc agorist collected $0.13 from pot
hc agorist: doesn't show hand 
*** SUMMARY ***
Total pot $0.13 | Rake $0 
Board [9d Ks 3h]
Seat 1: demon7521 (button) folded on the Flop
Seat 2: badbeatnnn (small blind) folded before Flop
Seat 3: San zou 1 (big blind) folded on the Flop
Seat 4: hc agorist collected ($0.13)
Seat 5: sergeiv13 folded before Flop (didn't bet)
Seat 6: pokerdomss folded before Flop (didn't bet)



PokerStars Zoom Hand #193678039799:  Hold'em No Limit ($0.01/$0.02) - 2018/11/24 14:15:54 CUST [2018/11/24 1:15:54 ET]
Table 'Halley' 6-max Seat #1 is the button
Seat 1: sun10011 ($2.07 in chips) 
Seat 2: V.Sibirtsev ($2.71 in chips) 
Seat 3: memock92 ($4.38 in chips) 
Seat 4: ChenFish ($2 in chips) 
Seat 5: hc agorist ($3.69 in chips) 
Seat 6: taiszi ($2.85 in chips) 
V.Sibirtsev: posts small blind $0.01
memock92: posts big blind $0.02
*** HOLE CARDS ***
Dealt to hc agorist [6s 5d]
ChenFish: folds 
hc agorist: folds 
taiszi: folds 
sun10011: raises $0.04 to $0.06
V.Sibirtsev: folds 
memock92: calls $0.04
*** FLOP *** [Th 3d Qh]
memock92: checks 
sun10011: checks 
*** TURN *** [Th 3d Qh] [Ac]
memock92: checks 
sun10011: checks 
*** RIVER *** [Th 3d Qh Ac] [Qc]
memock92: checks 
sun10011: checks 
*** SHOW DOWN ***
memock92: shows [6d 6h] (two pair, Queens and Sixes)
sun10011: mucks hand 
memock92 collected $0.13 from pot
*** SUMMARY ***
Total pot $0.13 | Rake $0 
Board [Th 3d Qh Ac Qc]
Seat 1: sun10011 (button) mucked [2s 2d]
Seat 2: V.Sibirtsev (small blind) folded before Flop
Seat 3: memock92 (big blind) showed [6d 6h] and won ($0.13) with two pair, Queens and Sixes
Seat 4: ChenFish folded before Flop (didn't bet)
Seat 5: hc agorist folded before Flop (didn't bet)
Seat 6: taiszi folded before Flop (didn't bet)



PokerStars Zoom Hand #193678046139:  Hold'em No Limit ($0.01/$0.02) - 2018/11/24 14:16:24 CUST [2018/11/24 1:16:24 ET]
Table 'Halley' 6-max Seat #1 is the button
Seat 1: chewy-rocks ($1.45 in chips) 
Seat 2: jim33353 ($1.80 in chips) 
Seat 3: hc agorist ($3.78 in chips) 
Seat 4: Ratazzana777 ($7.23 in chips) 
Seat 5: BohdanChubyk ($4.30 in chips) 
Seat 6: Neftot ($2.92 in chips) 
jim33353: posts small blind $0.01
hc agorist: posts big blind $0.02
*** HOLE CARDS ***
Dealt to hc agorist [3c 8c]
Ratazzana777: folds 
BohdanChubyk: folds 
Neftot: folds 
chewy-rocks: folds 
jim33353: raises $0.04 to $0.06
hc agorist: folds 
Uncalled bet ($0.04) returned to jim33353
jim33353 collected $0.04 from pot
jim33353: doesn't show hand 
*** SUMMARY ***
Total pot $0.04 | Rake $0 
Seat 1: chewy-rocks (button) folded before Flop (didn't bet)
Seat 2: jim33353 (small blind) collected ($0.04)
Seat 3: hc agorist (big blind) folded before Flop
Seat 4: Ratazzana777 folded before Flop (didn't bet)
Seat 5: BohdanChubyk folded before Flop (didn't bet)
Seat 6: Neftot folded before Flop (didn't bet)



PokerStars Zoom Hand #193678050937:  Hold'em No Limit ($0.01/$0.02) - 2018/11/24 14:16:47 CUST [2018/11/24 1:16:47 ET]
Table 'Halley' 6-max Seat #1 is the button
Seat 1: RECHUK ($1.04 in chips) 
Seat 2: sun10011 ($2.34 in chips) 
Seat 3: conik111 ($3.31 in chips) 
Seat 4: SancheZz27 ($7.89 in chips) 
Seat 5: hc agorist ($3.76 in chips) 
Seat 6: 4cidwave ($2.12 in chips) 
sun10011: posts small blind $0.01
conik111: posts big blind $0.02
*** HOLE CARDS ***
Dealt to hc agorist [3s 2d]
SancheZz27: raises $0.04 to $0.06
hc agorist: folds 
4cidwave: folds 
RECHUK: folds 
sun10011: folds 
conik111: folds 
Uncalled bet ($0.04) returned to SancheZz27
SancheZz27 collected $0.05 from pot
SancheZz27: doesn't show hand 
*** SUMMARY ***
Total pot $0.05 | Rake $0 
Seat 1: RECHUK (button) folded before Flop (didn't bet)
Seat 2: sun10011 (small blind) folded before Flop
Seat 3: conik111 (big blind) folded before Flop
Seat 4: SancheZz27 collected ($0.05)
Seat 5: hc agorist folded before Flop (didn't bet)
Seat 6: 4cidwave folded before Flop (didn't bet)



PokerStars Zoom Hand #193678051767:  Hold'em No Limit ($0.01/$0.02) - 2018/11/24 14:16:51 CUST [2018/11/24 1:16:51 ET]
Table 'Halley' 6-max Seat #1 is the button
Seat 1: hc agorist ($3.76 in chips) 
Seat 2: Randal000 ($2.09 in chips) 
Seat 3: CAI+23-7copa ($2.94 in chips) 
Seat 4: nelsonvc285 ($2 in chips) 
Seat 5: sergeiv13 ($2.52 in chips) 
Seat 6: soapppp ($2.49 in chips) 
Randal000: posts small blind $0.01
CAI+23-7copa: posts big blind $0.02
*** HOLE CARDS ***
Dealt to hc agorist [Kc 5c]
nelsonvc285: folds 
sergeiv13: folds 
soapppp: folds 
hc agorist: raises $0.02 to $0.04
Randal000: raises $0.12 to $0.16
CAI+23-7copa: folds 
hc agorist: folds 
Uncalled bet ($0.12) returned to Randal000
Randal000 collected $0.10 from pot
Randal000: doesn't show hand 
*** SUMMARY ***
Total pot $0.10 | Rake $0 
Seat 1: hc agorist (button) folded before Flop
Seat 2: Randal000 (small blind) collected ($0.10)
Seat 3: CAI+23-7copa (big blind) folded before Flop
Seat 4: nelsonvc285 folded before Flop (didn't bet)
Seat 5: sergeiv13 folded before Flop (didn't bet)
Seat 6: soapppp folded before Flop (didn't bet)



PokerStars Zoom Hand #193678055287:  Hold'em No Limit ($0.01/$0.02) - 2018/11/24 14:17:08 CUST [2018/11/24 1:17:08 ET]
Table 'Halley' 6-max Seat #1 is the button
Seat 1: PE8512 ($1.05 in chips) 
Seat 2: hc agorist ($3.72 in chips) 
Seat 3: Kralle220787 ($1.73 in chips) 
Seat 4: kakoytotip ($2 in chips) 
Seat 5: ikzw ($2.86 in chips) 
Seat 6: chem2011 ($2.56 in chips) 
hc agorist: posts small blind $0.01
Kralle220787: posts big blind $0.02
*** HOLE CARDS ***
Dealt to hc agorist [8s 7h]
kakoytotip: folds 
ikzw: folds 
chem2011: raises $0.04 to $0.06
PE8512: folds 
hc agorist: folds 
Kralle220787: folds 
Uncalled bet ($0.04) returned to chem2011
chem2011 collected $0.05 from pot
chem2011: doesn't show hand 
*** SUMMARY ***
Total pot $0.05 | Rake $0 
Seat 1: PE8512 (button) folded before Flop (didn't bet)
Seat 2: hc agorist (small blind) folded before Flop
Seat 3: Kralle220787 (big blind) folded before Flop
Seat 4: kakoytotip folded before Flop (didn't bet)
Seat 5: ikzw folded before Flop (didn't bet)
Seat 6: chem2011 collected ($0.05)



PokerStars Zoom Hand #193678056305:  Hold'em No Limit ($0.01/$0.02) - 2018/11/24 14:17:13 CUST [2018/11/24 1:17:13 ET]
Table 'Halley' 6-max Seat #1 is the button
Seat 1: Flaquencio ($3.10 in chips) 
Seat 2: nelsonvc285 ($6.15 in chips) 
Seat 3: Anthony00087 ($2.29 in chips) 
Seat 4: SCDossett ($3.97 in chips) 
Seat 5: Dystany ($3.67 in chips) 
Seat 6: hc agorist ($3.71 in chips) 
nelsonvc285: posts small blind $0.01
Anthony00087: posts big blind $0.02
*** HOLE CARDS ***
Dealt to hc agorist [2s Ac]
SCDossett: folds 
Dystany: raises $0.03 to $0.05
hc agorist: raises $0.11 to $0.16
Flaquencio: folds 
nelsonvc285: folds 
Anthony00087: folds 
Dystany: folds 
Uncalled bet ($0.11) returned to hc agorist
hc agorist collected $0.13 from pot
hc agorist: doesn't show hand 
*** SUMMARY ***
Total pot $0.13 | Rake $0 
Seat 1: Flaquencio (button) folded before Flop (didn't bet)
Seat 2: nelsonvc285 (small blind) folded before Flop
Seat 3: Anthony00087 (big blind) folded before Flop
Seat 4: SCDossett folded before Flop (didn't bet)
Seat 5: Dystany folded before Flop
Seat 6: hc agorist collected ($0.13)



PokerStars Zoom Hand #193678060617:  Hold'em No Limit ($0.01/$0.02) - 2018/11/24 14:17:33 CUST [2018/11/24 1:17:33 ET]
Table 'Halley' 6-max Seat #1 is the button
Seat 1: B_COPATKY_HA ($2 in chips) 
Seat 2: JavierMaxter ($0.59 in chips) 
Seat 3: hc agorist ($3.79 in chips) 
Seat 4: BohdanChubyk ($4.23 in chips) 
Seat 5: mr.Fars ($2.29 in chips) 
Seat 6: j.yamamoto ($1.77 in chips) 
JavierMaxter: posts small blind $0.01
hc agorist: posts big blind $0.02
*** HOLE CARDS ***
Dealt to hc agorist [9h 8d]
BohdanChubyk: folds 
mr.Fars: folds 
j.yamamoto: raises $0.04 to $0.06
B_COPATKY_HA: folds 
JavierMaxter: folds 
hc agorist: folds 
Uncalled bet ($0.04) returned to j.yamamoto
j.yamamoto collected $0.05 from pot
j.yamamoto: doesn't show hand 
*** SUMMARY ***
Total pot $0.05 | Rake $0 
Seat 1: B_COPATKY_HA (button) folded before Flop (didn't bet)
Seat 2: JavierMaxter (small blind) folded before Flop
Seat 3: hc agorist (big blind) folded before Flop
Seat 4: BohdanChubyk folded before Flop (didn't bet)
Seat 5: mr.Fars folded before Flop (didn't bet)
Seat 6: j.yamamoto collected ($0.05)



PokerStars Zoom Hand #193678063266:  Hold'em No Limit ($0.01/$0.02) - 2018/11/24 14:17:46 CUST [2018/11/24 1:17:46 ET]
Table 'Halley' 6-max Seat #1 is the button
Seat 1: #kirillberez ($0.66 in chips) 
Seat 2: DungLingCha ($2.06 in chips) 
Seat 3: lucianocamil ($2.30 in chips) 
Seat 4: Yarko84 ($1.22 in chips) 
Seat 5: V.Sibirtsev ($2.35 in chips) 
Seat 6: hc agorist ($3.77 in chips) 
DungLingCha: posts small blind $0.01
lucianocamil: posts big blind $0.02
*** HOLE CARDS ***
Dealt to hc agorist [Kd 3s]
Yarko84: raises $0.05 to $0.07
V.Sibirtsev: folds 
hc agorist: folds 
#kirillberez: folds 
DungLingCha: folds 
lucianocamil: folds 
Uncalled bet ($0.05) returned to Yarko84
Yarko84 collected $0.05 from pot
Yarko84: doesn't show hand 
*** SUMMARY ***
Total pot $0.05 | Rake $0 
Seat 1: #kirillberez (button) folded before Flop (didn't bet)
Seat 2: DungLingCha (small blind) folded before Flop
Seat 3: lucianocamil (big blind) folded before Flop
Seat 4: Yarko84 collected ($0.05)
Seat 5: V.Sibirtsev folded before Flop (didn't bet)
Seat 6: hc agorist folded before Flop (didn't bet)



PokerStars Zoom Hand #193678064106:  Hold'em No Limit ($0.01/$0.02) - 2018/11/24 14:17:50 CUST [2018/11/24 1:17:50 ET]
Table 'Halley' 6-max Seat #1 is the button
Seat 1: aturam ($2.06 in chips) 
Seat 2: JavierMaxter ($1 in chips) 
Seat 3: mr.Fars ($2.28 in chips) 
Seat 4: Krawicz ($2.49 in chips) 
Seat 5: hc agorist ($3.77 in chips) 
Seat 6: sun10011 ($2 in chips) 
JavierMaxter: posts small blind $0.01
mr.Fars: posts big blind $0.02
*** HOLE CARDS ***
Dealt to hc agorist [Ah Qc]
Krawicz has timed out
Krawicz: folds 
hc agorist: raises $0.02 to $0.04
sun10011: folds 
aturam: calls $0.04
JavierMaxter: folds 
mr.Fars: folds 
*** FLOP *** [Js 2h 2c]
hc agorist: bets $0.04
aturam: folds 
Uncalled bet ($0.04) returned to hc agorist
hc agorist collected $0.11 from pot
hc agorist: doesn't show hand 
*** SUMMARY ***
Total pot $0.11 | Rake $0 
Board [Js 2h 2c]
Seat 1: aturam (button) folded on the Flop
Seat 2: JavierMaxter (small blind) folded before Flop
Seat 3: mr.Fars (big blind) folded before Flop
Seat 4: Krawicz folded before Flop (didn't bet)
Seat 5: hc agorist collected ($0.11)
Seat 6: sun10011 folded before Flop (didn't bet)



PokerStars Zoom Hand #193678071896:  Hold'em No Limit ($0.01/$0.02) - 2018/11/24 14:18:27 CUST [2018/11/24 1:18:27 ET]
Table 'Halley' 6-max Seat #1 is the button
Seat 1: hc agorist ($3.84 in chips) 
Seat 2: cambaguaso ($4.01 in chips) 
Seat 3: kyljmn ($0.83 in chips) 
Seat 4: YTAKF ($1.81 in chips) 
Seat 5: Keijjoni ($7.20 in chips) 
Seat 6: ChenFish ($2 in chips) 
cambaguaso: posts small blind $0.01
kyljmn: posts big blind $0.02
*** HOLE CARDS ***
Dealt to hc agorist [9c 5c]
YTAKF: folds 
Keijjoni: folds 
ChenFish: raises $0.03 to $0.05
hc agorist: raises $0.11 to $0.16
cambaguaso: calls $0.15
kyljmn: folds 
ChenFish: calls $0.11
*** FLOP *** [8c 9d 4s]
cambaguaso: checks 
ChenFish: checks 
hc agorist: bets $0.24
cambaguaso: raises $0.44 to $0.68
ChenFish: folds 
hc agorist: folds 
Uncalled bet ($0.44) returned to cambaguaso
cambaguaso collected $0.95 from pot
cambaguaso: doesn't show hand 
*** SUMMARY ***
Total pot $0.98 | Rake $0.03 
Board [8c 9d 4s]
Seat 1: hc agorist (button) folded on the Flop
Seat 2: cambaguaso (small blind) collected ($0.95)
Seat 3: kyljmn (big blind) folded before Flop
Seat 4: YTAKF folded before Flop (didn't bet)
Seat 5: Keijjoni folded before Flop (didn't bet)
Seat 6: ChenFish folded on the Flop



PokerStars Zoom Hand #193678086954:  Hold'em No Limit ($0.01/$0.02) - 2018/11/24 14:19:20 CUST [2018/11/24 1:19:20 ET]
Table 'Halley' 6-max Seat #1 is the button
Seat 1: #kirillberez ($0.66 in chips) 
Seat 2: hc agorist ($3.44 in chips) 
Seat 3: freeler ($4.77 in chips) 
Seat 4: Destruct1on7 ($2.27 in chips) 
Seat 5: lucianocamil ($3.73 in chips) 
Seat 6: CAI+23-7copa ($2.11 in chips) 
hc agorist: posts small blind $0.01
freeler: posts big blind $0.02
*** HOLE CARDS ***
Dealt to hc agorist [Kh Kc]
Destruct1on7: folds 
lucianocamil: folds 
CAI+23-7copa: folds 
#kirillberez: raises $0.04 to $0.06
hc agorist: calls $0.05
freeler: calls $0.04
*** FLOP *** [Qc Js 2c]
hc agorist: checks 
freeler: checks 
#kirillberez: bets $0.08
hc agorist: raises $0.20 to $0.28
freeler: calls $0.28
#kirillberez: raises $0.32 to $0.60 and is all-in
hc agorist: raises $2.78 to $3.38 and is all-in
freeler: folds 
Uncalled bet ($2.78) returned to hc agorist
*** TURN *** [Qc Js 2c] [Qs]
*** RIVER *** [Qc Js 2c Qs] [Jc]
*** SHOW DOWN ***
hc agorist: shows [Kh Kc] (two pair, Kings and Queens)
#kirillberez: shows [7c Ac] (a flush, Ace high)
#kirillberez collected $1.60 from pot
*** SUMMARY ***
Total pot $1.66 | Rake $0.06 
Board [Qc Js 2c Qs Jc]
Seat 1: #kirillberez (button) showed [7c Ac] and won ($1.60) with a flush, Ace high
Seat 2: hc agorist (small blind) showed [Kh Kc] and lost with two pair, Kings and Queens
Seat 3: freeler (big blind) folded on the Flop
Seat 4: Destruct1on7 folded before Flop (didn't bet)
Seat 5: lucianocamil folded before Flop (didn't bet)
Seat 6: CAI+23-7copa folded before Flop (didn't bet)



PokerStars Zoom Hand #193678107698:  Hold'em No Limit ($0.01/$0.02) - 2018/11/24 14:20:58 CUST [2018/11/24 1:20:58 ET]
Table 'Halley' 6-max Seat #1 is the button
Seat 1: coic0098 ($2.54 in chips) 
Seat 2: Maverick_JPR ($4.74 in chips) 
Seat 3: SancheZz27 ($7.95 in chips) 
Seat 4: InSyndicate ($2.20 in chips) 
Seat 5: hc agorist ($2.78 in chips) 
Seat 6: MárioBernard ($1.90 in chips) 
Maverick_JPR: posts small blind $0.01
SancheZz27: posts big blind $0.02
*** HOLE CARDS ***
Dealt to hc agorist [Qs Ad]
InSyndicate: folds 
hc agorist: raises $0.02 to $0.04
MárioBernard: folds 
coic0098: folds 
Maverick_JPR: folds 
SancheZz27: folds 
Uncalled bet ($0.02) returned to hc agorist
hc agorist collected $0.05 from pot
hc agorist: doesn't show hand 
*** SUMMARY ***
Total pot $0.05 | Rake $0 
Seat 1: coic0098 (button) folded before Flop (didn't bet)
Seat 2: Maverick_JPR (small blind) folded before Flop
Seat 3: SancheZz27 (big blind) folded before Flop
Seat 4: InSyndicate folded before Flop (didn't bet)
Seat 5: hc agorist collected ($0.05)
Seat 6: MárioBernard folded before Flop (didn't bet)



PokerStars Zoom Hand #193678106618:  Hold'em No Limit ($0.01/$0.02) - 2018/11/24 14:20:53 CUST [2018/11/24 1:20:53 ET]
Table 'Halley' 6-max Seat #1 is the button
Seat 1: RECHUK ($1.30 in chips) 
Seat 2: ww410490 ($1.62 in chips) 
Seat 3: V.Sibirtsev ($2.26 in chips) 
Seat 4: hc agorist ($2.78 in chips) 
Seat 5: SPOVES ($2.92 in chips) 
Seat 6: mrtomxu ($5.62 in chips) 
ww410490: posts small blind $0.01
V.Sibirtsev: posts big blind $0.02
*** HOLE CARDS ***
Dealt to hc agorist [3d 8d]
hc agorist: folds 
SPOVES: folds 
mrtomxu: raises $0.04 to $0.06
RECHUK: folds 
ww410490: folds 
V.Sibirtsev: folds 
Uncalled bet ($0.04) returned to mrtomxu
mrtomxu collected $0.05 from pot
mrtomxu: doesn't show hand 
*** SUMMARY ***
Total pot $0.05 | Rake $0 
Seat 1: RECHUK (button) folded before Flop (didn't bet)
Seat 2: ww410490 (small blind) folded before Flop
Seat 3: V.Sibirtsev (big blind) folded before Flop
Seat 4: hc agorist folded before Flop (didn't bet)
Seat 5: SPOVES folded before Flop (didn't bet)
Seat 6: mrtomxu collected ($0.05)



PokerStars Zoom Hand #193678109955:  Hold'em No Limit ($0.01/$0.02) - 2018/11/24 14:21:09 CUST [2018/11/24 1:21:09 ET]
Table 'Halley' 6-max Seat #1 is the button
Seat 1: lucianocamil ($3.64 in chips) 
Seat 2: maauurija ($1.98 in chips) 
Seat 3: hc agorist ($2.81 in chips) 
Seat 4: bocha1943 ($2.10 in chips) 
Seat 5: Bibimbab ($4.78 in chips) 
Seat 6: freshuser888 ($2.04 in chips) 
maauurija: posts small blind $0.01
hc agorist: posts big blind $0.02
*** HOLE CARDS ***
Dealt to hc agorist [4c 4d]
bocha1943: folds 
Bibimbab: folds 
freshuser888: raises $0.02 to $0.04
lucianocamil: raises $0.09 to $0.13
maauurija: folds 
hc agorist: folds 
freshuser888: folds 
Uncalled bet ($0.09) returned to lucianocamil
lucianocamil collected $0.11 from pot
lucianocamil: doesn't show hand 
*** SUMMARY ***
Total pot $0.11 | Rake $0 
Seat 1: lucianocamil (button) collected ($0.11)
Seat 2: maauurija (small blind) folded before Flop
Seat 3: hc agorist (big blind) folded before Flop
Seat 4: bocha1943 folded before Flop (didn't bet)
Seat 5: Bibimbab folded before Flop (didn't bet)
Seat 6: freshuser888 folded before Flop



PokerStars Zoom Hand #193678113810:  Hold'em No Limit ($0.01/$0.02) - 2018/11/24 14:21:27 CUST [2018/11/24 1:21:27 ET]
Table 'Halley' 6-max Seat #1 is the button
Seat 1: Shuv-Oohl ($3.95 in chips) 
Seat 2: hc agorist ($2.79 in chips) 
Seat 3: Bibimbab ($4.34 in chips) 
Seat 4: KingCheSir ($4.03 in chips) 
Seat 5: A.M.Knuckle ($10.93 in chips) 
Seat 6: CAI+23-7copa ($4.01 in chips) 
hc agorist: posts small blind $0.01
Bibimbab: posts big blind $0.02
*** HOLE CARDS ***
Dealt to hc agorist [4d 4s]
KingCheSir: folds 
A.M.Knuckle: raises $0.03 to $0.05
CAI+23-7copa: folds 
Shuv-Oohl: folds 
hc agorist: folds 
Bibimbab: folds 
Uncalled bet ($0.03) returned to A.M.Knuckle
A.M.Knuckle collected $0.05 from pot
A.M.Knuckle: doesn't show hand 
*** SUMMARY ***
Total pot $0.05 | Rake $0 
Seat 1: Shuv-Oohl (button) folded before Flop (didn't bet)
Seat 2: hc agorist (small blind) folded before Flop
Seat 3: Bibimbab (big blind) folded before Flop
Seat 4: KingCheSir folded before Flop (didn't bet)
Seat 5: A.M.Knuckle collected ($0.05)
Seat 6: CAI+23-7copa folded before Flop (didn't bet)



PokerStars Zoom Hand #193678116143:  Hold'em No Limit ($0.01/$0.02) - 2018/11/24 14:21:38 CUST [2018/11/24 1:21:38 ET]
Table 'Halley' 6-max Seat #1 is the button
Seat 1: BuffmonsterOne ($4.94 in chips) 
Seat 2: StavrTar ($2.02 in chips) 
Seat 3: sergeiv13 ($2.39 in chips) 
Seat 4: Williwacker9 ($2 in chips) 
Seat 5: bluejjays ($2.41 in chips) 
Seat 6: hc agorist ($2.78 in chips) 
StavrTar: posts small blind $0.01
sergeiv13: posts big blind $0.02
*** HOLE CARDS ***
Dealt to hc agorist [9s Kd]
Williwacker9: folds 
bluejjays: folds 
hc agorist: raises $0.02 to $0.04
BuffmonsterOne: calls $0.04
StavrTar: folds 
sergeiv13: calls $0.02
*** FLOP *** [4c Th 8s]
sergeiv13: checks 
hc agorist: checks 
BuffmonsterOne: bets $0.05
sergeiv13: folds 
hc agorist: folds 
Uncalled bet ($0.05) returned to BuffmonsterOne
BuffmonsterOne collected $0.13 from pot
BuffmonsterOne: doesn't show hand 
*** SUMMARY ***
Total pot $0.13 | Rake $0 
Board [4c Th 8s]
Seat 1: BuffmonsterOne (button) collected ($0.13)
Seat 2: StavrTar (small blind) folded before Flop
Seat 3: sergeiv13 (big blind) folded on the Flop
Seat 4: Williwacker9 folded before Flop (didn't bet)
Seat 5: bluejjays folded before Flop (didn't bet)
Seat 6: hc agorist folded on the Flop



PokerStars Zoom Hand #193678122742:  Hold'em No Limit ($0.01/$0.02) - 2018/11/24 14:22:09 CUST [2018/11/24 1:22:09 ET]
Table 'Halley' 6-max Seat #1 is the button
Seat 1: bobysol ($1.59 in chips) 
Seat 2: ikzw ($4.91 in chips) 
Seat 3: hc agorist ($2.74 in chips) 
Seat 4: vara2973 ($1.94 in chips) 
Seat 5: nelsonvc285 ($4.79 in chips) 
Seat 6: yoovan ($2 in chips) 
ikzw: posts small blind $0.01
hc agorist: posts big blind $0.02
*** HOLE CARDS ***
Dealt to hc agorist [9h 5s]
vara2973: raises $0.06 to $0.08
nelsonvc285: folds 
yoovan: folds 
bobysol: folds 
ikzw: folds 
hc agorist: folds 
Uncalled bet ($0.06) returned to vara2973
vara2973 collected $0.05 from pot
vara2973: doesn't show hand 
*** SUMMARY ***
Total pot $0.05 | Rake $0 
Seat 1: bobysol (button) folded before Flop (didn't bet)
Seat 2: ikzw (small blind) folded before Flop
Seat 3: hc agorist (big blind) folded before Flop
Seat 4: vara2973 collected ($0.05)
Seat 5: nelsonvc285 folded before Flop (didn't bet)
Seat 6: yoovan folded before Flop (didn't bet)



PokerStars Zoom Hand #193678123794:  Hold'em No Limit ($0.01/$0.02) - 2018/11/24 14:22:14 CUST [2018/11/24 1:22:14 ET]
Table 'Halley' 6-max Seat #1 is the button
Seat 1: hc agorist ($2.72 in chips) 
Seat 2: KingCheSir ($4.01 in chips) 
Seat 3: taren666 ($2.84 in chips) 
Seat 4: kakoytotip ($3.38 in chips) 
Seat 5: Oli_pags ($2.03 in chips) 
Seat 6: sinster_ca85 ($4.54 in chips) 
KingCheSir: posts small blind $0.01
taren666: posts big blind $0.02
*** HOLE CARDS ***
Dealt to hc agorist [6d 8s]
kakoytotip: folds 
Oli_pags: folds 
sinster_ca85: folds 
hc agorist: folds 
KingCheSir: raises $0.04 to $0.06
taren666: folds 
Uncalled bet ($0.04) returned to KingCheSir
KingCheSir collected $0.04 from pot
KingCheSir: doesn't show hand 
*** SUMMARY ***
Total pot $0.04 | Rake $0 
Seat 1: hc agorist (button) folded before Flop (didn't bet)
Seat 2: KingCheSir (small blind) collected ($0.04)
Seat 3: taren666 (big blind) folded before Flop
Seat 4: kakoytotip folded before Flop (didn't bet)
Seat 5: Oli_pags folded before Flop (didn't bet)
Seat 6: sinster_ca85 folded before Flop (didn't bet)



PokerStars Zoom Hand #193678124852:  Hold'em No Limit ($0.01/$0.02) - 2018/11/24 14:22:19 CUST [2018/11/24 1:22:19 ET]
Table 'Halley' 6-max Seat #1 is the button
Seat 1: lovevisss ($2.41 in chips) 
Seat 2: MainFisher ($1.90 in chips) 
Seat 3: DarkLord7919 ($2 in chips) 
Seat 4: vara2973 ($1.97 in chips) 
Seat 5: hc agorist ($2.72 in chips) 
Seat 6: n97845461 ($3.32 in chips) 
MainFisher: posts small blind $0.01
DarkLord7919: posts big blind $0.02
*** HOLE CARDS ***
Dealt to hc agorist [3h Ks]
vara2973: raises $0.02 to $0.04
hc agorist: folds 
n97845461: folds 
lovevisss: folds 
MainFisher: calls $0.03
DarkLord7919: folds 
*** FLOP *** [4h Tc Ts]
MainFisher: checks 
vara2973: checks 
*** TURN *** [4h Tc Ts] [Ac]
MainFisher: bets $0.05
vara2973: calls $0.05
*** RIVER *** [4h Tc Ts Ac] [6h]
MainFisher: checks 
vara2973: bets $0.06
MainFisher: calls $0.06
*** SHOW DOWN ***
vara2973: shows [7d As] (two pair, Aces and Tens)
MainFisher: shows [9s Ad] (two pair, Aces and Tens - Nine kicker)
MainFisher collected $0.31 from pot
*** SUMMARY ***
Total pot $0.32 | Rake $0.01 
Board [4h Tc Ts Ac 6h]
Seat 1: lovevisss (button) folded before Flop (didn't bet)
Seat 2: MainFisher (small blind) showed [9s Ad] and won ($0.31) with two pair, Aces and Tens
Seat 3: DarkLord7919 (big blind) folded before Flop
Seat 4: vara2973 showed [7d As] and lost with two pair, Aces and Tens
Seat 5: hc agorist folded before Flop (didn't bet)
Seat 6: n97845461 folded before Flop (didn't bet)



PokerStars Zoom Hand #193678125920:  Hold'em No Limit ($0.01/$0.02) - 2018/11/24 14:22:24 CUST [2018/11/24 1:22:24 ET]
Table 'Halley' 6-max Seat #1 is the button
Seat 1: tomillo50258 ($6.46 in chips) 
Seat 2: freeler ($2.50 in chips) 
Seat 3: Damian36215 ($4.97 in chips) 
Seat 4: Like.a.Bo5s ($2.02 in chips) 
Seat 5: Destruct1on7 ($2 in chips) 
Seat 6: hc agorist ($2.72 in chips) 
freeler: posts small blind $0.01
Damian36215: posts big blind $0.02
*** HOLE CARDS ***
Dealt to hc agorist [4d Kd]
Like.a.Bo5s: folds 
Destruct1on7: folds 
hc agorist: raises $0.02 to $0.04
tomillo50258: calls $0.04
freeler: calls $0.03
Damian36215: folds 
*** FLOP *** [Jc Ah 6s]
freeler: checks 
hc agorist: checks 
tomillo50258: bets $0.08
freeler: folds 
hc agorist: folds 
Uncalled bet ($0.08) returned to tomillo50258
tomillo50258 collected $0.14 from pot
tomillo50258: doesn't show hand 
*** SUMMARY ***
Total pot $0.14 | Rake $0 
Board [Jc Ah 6s]
Seat 1: tomillo50258 (button) collected ($0.14)
Seat 2: freeler (small blind) folded on the Flop
Seat 3: Damian36215 (big blind) folded before Flop
Seat 4: Like.a.Bo5s folded before Flop (didn't bet)
Seat 5: Destruct1on7 folded before Flop (didn't bet)
Seat 6: hc agorist folded on the Flop



PokerStars Zoom Hand #193678132654:  Hold'em No Limit ($0.01/$0.02) - 2018/11/24 14:22:56 CUST [2018/11/24 1:22:56 ET]
Table 'Halley' 6-max Seat #1 is the button
Seat 1: hc agorist ($2.68 in chips) 
Seat 2: elbrusov ($1.91 in chips) 
Seat 3: SancheZz27 ($1.94 in chips) 
Seat 4: windyo ($1.22 in chips) 
Seat 5: Andrey_b595 ($1.84 in chips) 
Seat 6: coic0098 ($2.19 in chips) 
elbrusov: posts small blind $0.01
SancheZz27: posts big blind $0.02
*** HOLE CARDS ***
Dealt to hc agorist [8h 7h]
windyo: folds 
Andrey_b595: raises $0.02 to $0.04
coic0098: folds 
hc agorist: calls $0.04
elbrusov: folds 
SancheZz27: folds 
*** FLOP *** [7s Jh 5s]
Andrey_b595: checks 
hc agorist: bets $0.08
Andrey_b595: folds 
Uncalled bet ($0.08) returned to hc agorist
hc agorist collected $0.11 from pot
hc agorist: doesn't show hand 
*** SUMMARY ***
Total pot $0.11 | Rake $0 
Board [7s Jh 5s]
Seat 1: hc agorist (button) collected ($0.11)
Seat 2: elbrusov (small blind) folded before Flop
Seat 3: SancheZz27 (big blind) folded before Flop
Seat 4: windyo folded before Flop (didn't bet)
Seat 5: Andrey_b595 folded on the Flop
Seat 6: coic0098 folded before Flop (didn't bet)



PokerStars Zoom Hand #193678138940:  Hold'em No Limit ($0.01/$0.02) - 2018/11/24 14:23:26 CUST [2018/11/24 1:23:26 ET]
Table 'Halley' 6-max Seat #1 is the button
Seat 1: adler023 ($1.80 in chips) 
Seat 2: hc agorist ($2.75 in chips) 
Seat 3: Traxai ($2.29 in chips) 
Seat 4: hoyosuk513 ($3.42 in chips) 
Seat 5: Krawicz ($2 in chips) 
Seat 6: nelsonvc285 ($4.90 in chips) 
hc agorist: posts small blind $0.01
Traxai: posts big blind $0.02
*** HOLE CARDS ***
Dealt to hc agorist [7h 9h]
hoyosuk513: folds 
Krawicz: folds 
nelsonvc285: folds 
adler023: folds 
hc agorist: raises $0.02 to $0.04
Traxai: folds 
Uncalled bet ($0.02) returned to hc agorist
hc agorist collected $0.04 from pot
hc agorist: doesn't show hand 
*** SUMMARY ***
Total pot $0.04 | Rake $0 
Seat 1: adler023 (button) folded before Flop (didn't bet)
Seat 2: hc agorist (small blind) collected ($0.04)
Seat 3: Traxai (big blind) folded before Flop
Seat 4: hoyosuk513 folded before Flop (didn't bet)
Seat 5: Krawicz folded before Flop (didn't bet)
Seat 6: nelsonvc285 folded before Flop (didn't bet)



PokerStars Zoom Hand #193678146997:  Hold'em No Limit ($0.01/$0.02) - 2018/11/24 14:24:04 CUST [2018/11/24 1:24:04 ET]
Table 'Halley' 6-max Seat #1 is the button
Seat 1: tomillo50258 ($6.52 in chips) 
Seat 2: kotexboy ($2.85 in chips) 
Seat 3: bablorun ($2.12 in chips) 
Seat 4: hc agorist ($2.73 in chips) 
Seat 5: Agno$tic ($4.59 in chips) 
Seat 6: TheDonkHouse ($1.56 in chips) 
kotexboy: posts small blind $0.01
bablorun: posts big blind $0.02
*** HOLE CARDS ***
Dealt to hc agorist [7s 2d]
hc agorist: folds 
Agno$tic: folds 
TheDonkHouse: folds 
tomillo50258: folds 
kotexboy: raises $0.04 to $0.06
bablorun: folds 
Uncalled bet ($0.04) returned to kotexboy
kotexboy collected $0.04 from pot
kotexboy: doesn't show hand 
*** SUMMARY ***
Total pot $0.04 | Rake $0 
Seat 1: tomillo50258 (button) folded before Flop (didn't bet)
Seat 2: kotexboy (small blind) collected ($0.04)
Seat 3: bablorun (big blind) folded before Flop
Seat 4: hc agorist folded before Flop (didn't bet)
Seat 5: Agno$tic folded before Flop (didn't bet)
Seat 6: TheDonkHouse folded before Flop (didn't bet)



PokerStars Zoom Hand #193678141999:  Hold'em No Limit ($0.01/$0.02) - 2018/11/24 14:23:40 CUST [2018/11/24 1:23:40 ET]
Table 'Halley' 6-max Seat #1 is the button
Seat 1: DiegoARS17 ($2.66 in chips) 
Seat 2: Oli_pags ($2.31 in chips) 
Seat 3: AlexeyTripov ($0.60 in chips) 
Seat 4: hc agorist ($2.77 in chips) 
Seat 5: vital0225 ($2.49 in chips) 
Seat 6: Anthony00087 ($2.08 in chips) 
Oli_pags: posts small blind $0.01
AlexeyTripov: posts big blind $0.02
*** HOLE CARDS ***
Dealt to hc agorist [7d 7s]
hc agorist: raises $0.02 to $0.04
vital0225: folds 
Anthony00087: raises $0.12 to $0.16
DiegoARS17: folds 
Oli_pags: raises $0.26 to $0.42
AlexeyTripov: folds 
hc agorist: folds 
Anthony00087: calls $0.26
*** FLOP *** [Js 9d 5h]
Oli_pags: bets $1.89 and is all-in
Anthony00087: folds 
Uncalled bet ($1.89) returned to Oli_pags
Oli_pags collected $0.87 from pot
Oli_pags: doesn't show hand 
*** SUMMARY ***
Total pot $0.90 | Rake $0.03 
Board [Js 9d 5h]
Seat 1: DiegoARS17 (button) folded before Flop (didn't bet)
Seat 2: Oli_pags (small blind) collected ($0.87)
Seat 3: AlexeyTripov (big blind) folded before Flop
Seat 4: hc agorist folded before Flop
Seat 5: vital0225 folded before Flop (didn't bet)
Seat 6: Anthony00087 folded on the Flop



PokerStars Zoom Hand #193678148094:  Hold'em No Limit ($0.01/$0.02) - 2018/11/24 14:24:09 CUST [2018/11/24 1:24:09 ET]
Table 'Halley' 6-max Seat #1 is the button
Seat 1: alexdg74 ($2.97 in chips) 
Seat 2: n97845461 ($3.81 in chips) 
Seat 3: hc agorist ($2.73 in chips) 
Seat 4: TheDonkHouse ($1.56 in chips) 
Seat 5: carita230 ($2.95 in chips) 
Seat 6: setzerr55 ($1.68 in chips) 
n97845461: posts small blind $0.01
hc agorist: posts big blind $0.02
*** HOLE CARDS ***
Dealt to hc agorist [4d 5s]
TheDonkHouse: folds 
carita230: folds 
setzerr55: calls $0.02
alexdg74: folds 
n97845461: calls $0.01
hc agorist: checks 
*** FLOP *** [Qs Qc Ah]
n97845461: checks 
hc agorist: checks 
setzerr55: checks 
*** TURN *** [Qs Qc Ah] [Js]
n97845461: checks 
hc agorist: checks 
setzerr55: bets $0.04
n97845461: calls $0.04
hc agorist: folds 
*** RIVER *** [Qs Qc Ah Js] [6d]
n97845461: checks 
setzerr55: checks 
*** SHOW DOWN ***
n97845461: shows [3d As] (two pair, Aces and Queens)
setzerr55: mucks hand 
n97845461 collected $0.14 from pot
*** SUMMARY ***
Total pot $0.14 | Rake $0 
Board [Qs Qc Ah Js 6d]
Seat 1: alexdg74 (button) folded before Flop (didn't bet)
Seat 2: n97845461 (small blind) showed [3d As] and won ($0.14) with two pair, Aces and Queens
Seat 3: hc agorist (big blind) folded on the Turn
Seat 4: TheDonkHouse folded before Flop (didn't bet)
Seat 5: carita230 folded before Flop (didn't bet)
Seat 6: setzerr55 mucked [8s Ks]



PokerStars Zoom Hand #193678153592:  Hold'em No Limit ($0.01/$0.02) - 2018/11/24 14:24:35 CUST [2018/11/24 1:24:35 ET]
Table 'Halley' 6-max Seat #1 is the button
Seat 1: Oli_pags ($2.76 in chips) 
Seat 2: hc agorist ($2.71 in chips) 
Seat 3: Ninelions ($3.29 in chips) 
Seat 4: Hsiang60229 ($2.82 in chips) 
Seat 5: pastyr777 ($2.89 in chips) 
Seat 6: sun10011 ($2 in chips) 
hc agorist: posts small blind $0.01
Ninelions: posts big blind $0.02
*** HOLE CARDS ***
Dealt to hc agorist [9h 3c]
Hsiang60229: folds 
pastyr777: folds 
sun10011: folds 
Oli_pags: raises $0.04 to $0.06
hc agorist: folds 
Ninelions: folds 
Uncalled bet ($0.04) returned to Oli_pags
Oli_pags collected $0.05 from pot
Oli_pags: doesn't show hand 
*** SUMMARY ***
Total pot $0.05 | Rake $0 
Seat 1: Oli_pags (button) collected ($0.05)
Seat 2: hc agorist (small blind) folded before Flop
Seat 3: Ninelions (big blind) folded before Flop
Seat 4: Hsiang60229 folded before Flop (didn't bet)
Seat 5: pastyr777 folded before Flop (didn't bet)
Seat 6: sun10011 folded before Flop (didn't bet)



PokerStars Zoom Hand #193678152571:  Hold'em No Limit ($0.01/$0.02) - 2018/11/24 14:24:30 CUST [2018/11/24 1:24:30 ET]
Table 'Halley' 6-max Seat #1 is the button
Seat 1: PE8512 ($2.03 in chips) 
Seat 2: nelsonvc285 ($6.49 in chips) 
Seat 3: Bao_qiang798 ($2.29 in chips) 
Seat 4: luka1981good ($3.16 in chips) 
Seat 5: hc agorist ($2.71 in chips) 
Seat 6: DRONI RUS ($2.14 in chips) 
nelsonvc285: posts small blind $0.01
Bao_qiang798: posts big blind $0.02
*** HOLE CARDS ***
Dealt to hc agorist [Th 5h]
luka1981good: folds 
hc agorist: folds 
DRONI RUS: folds 
PE8512: folds 
nelsonvc285: raises $0.03 to $0.05
Bao_qiang798: calls $0.03
*** FLOP *** [6c 9d Js]
nelsonvc285: checks 
Bao_qiang798: checks 
*** TURN *** [6c 9d Js] [4d]
nelsonvc285: checks 
Bao_qiang798: checks 
*** RIVER *** [6c 9d Js 4d] [8s]
nelsonvc285: checks 
Bao_qiang798: checks 
*** SHOW DOWN ***
nelsonvc285: shows [Kd 7c] (high card King)
Bao_qiang798: shows [4h As] (a pair of Fours)
Bao_qiang798 collected $0.10 from pot
*** SUMMARY ***
Total pot $0.10 | Rake $0 
Board [6c 9d Js 4d 8s]
Seat 1: PE8512 (button) folded before Flop (didn't bet)
Seat 2: nelsonvc285 (small blind) showed [Kd 7c] and lost with high card King
Seat 3: Bao_qiang798 (big blind) showed [4h As] and won ($0.10) with a pair of Fours
Seat 4: luka1981good folded before Flop (didn't bet)
Seat 5: hc agorist folded before Flop (didn't bet)
Seat 6: DRONI RUS folded before Flop (didn't bet)



PokerStars Zoom Hand #193678156376:  Hold'em No Limit ($0.01/$0.02) - 2018/11/24 14:24:48 CUST [2018/11/24 1:24:48 ET]
Table 'Halley' 6-max Seat #1 is the button
Seat 1: hc agorist ($2.70 in chips) 
Seat 2: j.yamamoto ($2.47 in chips) 
Seat 3: lucianocamil ($3.59 in chips) 
Seat 4: soapppp ($4.19 in chips) 
Seat 5: yoovan ($3.71 in chips) 
Seat 6: BuffmonsterOne ($8.02 in chips) 
j.yamamoto: posts small blind $0.01
lucianocamil: posts big blind $0.02
*** HOLE CARDS ***
Dealt to hc agorist [Ac 7d]
soapppp: folds 
yoovan: raises $0.04 to $0.06
BuffmonsterOne: folds 
hc agorist: raises $0.12 to $0.18
j.yamamoto: folds 
lucianocamil: folds 
yoovan: calls $0.12
*** FLOP *** [4s 7s Qs]
yoovan: checks 
hc agorist: bets $0.13
yoovan: folds 
Uncalled bet ($0.13) returned to hc agorist
hc agorist collected $0.38 from pot
hc agorist: doesn't show hand 
*** SUMMARY ***
Total pot $0.39 | Rake $0.01 
Board [4s 7s Qs]
Seat 1: hc agorist (button) collected ($0.38)
Seat 2: j.yamamoto (small blind) folded before Flop
Seat 3: lucianocamil (big blind) folded before Flop
Seat 4: soapppp folded before Flop (didn't bet)
Seat 5: yoovan folded on the Flop
Seat 6: BuffmonsterOne folded before Flop (didn't bet)



PokerStars Zoom Hand #193678154939:  Hold'em No Limit ($0.01/$0.02) - 2018/11/24 14:24:41 CUST [2018/11/24 1:24:41 ET]
Table 'Halley' 6-max Seat #1 is the button
Seat 1: DiegoARS17 ($2.66 in chips) 
Seat 2: sergeiv13 ($1.26 in chips) 
Seat 3: BohdanChubyk ($3.04 in chips) 
Seat 4: luka1981good ($4.72 in chips) 
Seat 5: alexdg74 ($3.77 in chips) 
Seat 6: hc agorist ($2.70 in chips) 
sergeiv13: posts small blind $0.01
BohdanChubyk: posts big blind $0.02
*** HOLE CARDS ***
Dealt to hc agorist [Td 5d]
luka1981good: folds 
alexdg74: folds 
hc agorist: folds 
DiegoARS17: raises $0.04 to $0.06
sergeiv13: folds 
BohdanChubyk: calls $0.04
*** FLOP *** [2h 2s 5c]
BohdanChubyk: checks 
DiegoARS17: checks 
*** TURN *** [2h 2s 5c] [7h]
BohdanChubyk: bets $0.06
DiegoARS17: calls $0.06
*** RIVER *** [2h 2s 5c 7h] [5s]
BohdanChubyk: checks 
DiegoARS17: bets $0.12
BohdanChubyk: folds 
Uncalled bet ($0.12) returned to DiegoARS17
DiegoARS17 collected $0.24 from pot
DiegoARS17: doesn't show hand 
*** SUMMARY ***
Total pot $0.25 | Rake $0.01 
Board [2h 2s 5c 7h 5s]
Seat 1: DiegoARS17 (button) collected ($0.24)
Seat 2: sergeiv13 (small blind) folded before Flop
Seat 3: BohdanChubyk (big blind) folded on the River
Seat 4: luka1981good folded before Flop (didn't bet)
Seat 5: alexdg74 folded before Flop (didn't bet)
Seat 6: hc agorist folded before Flop (didn't bet)



PokerStars Zoom Hand #193678162342:  Hold'em No Limit ($0.01/$0.02) - 2018/11/24 14:25:17 CUST [2018/11/24 1:25:17 ET]
Table 'Halley' 6-max Seat #1 is the button
Seat 1: Ratazzana777 ($6.85 in chips) 
Seat 2: conik111 ($2.36 in chips) 
Seat 3: hc agorist ($2.90 in chips) 
Seat 4: Destruct1on7 ($2.01 in chips) 
Seat 5: Agno$tic ($6.39 in chips) 
Seat 6: Neftot ($2 in chips) 
conik111: posts small blind $0.01
hc agorist: posts big blind $0.02
*** HOLE CARDS ***
Dealt to hc agorist [Ad Qh]
Destruct1on7: raises $0.04 to $0.06
Agno$tic: folds 
Neftot: folds 
Ratazzana777: folds 
conik111: folds 
hc agorist: calls $0.04
*** FLOP *** [Th 4h Tc]
hc agorist: checks 
Destruct1on7: bets $0.08
hc agorist: folds 
Uncalled bet ($0.08) returned to Destruct1on7
Destruct1on7 collected $0.13 from pot
Destruct1on7: doesn't show hand 
*** SUMMARY ***
Total pot $0.13 | Rake $0 
Board [Th 4h Tc]
Seat 1: Ratazzana777 (button) folded before Flop (didn't bet)
Seat 2: conik111 (small blind) folded before Flop
Seat 3: hc agorist (big blind) folded on the Flop
Seat 4: Destruct1on7 collected ($0.13)
Seat 5: Agno$tic folded before Flop (didn't bet)
Seat 6: Neftot folded before Flop (didn't bet)



PokerStars Zoom Hand #193678167540:  Hold'em No Limit ($0.01/$0.02) - 2018/11/24 14:25:42 CUST [2018/11/24 1:25:42 ET]
Table 'Halley' 6-max Seat #1 is the button
Seat 1: InSyndicate ($2.27 in chips) 
Seat 2: Ron copppp ($0.98 in chips) 
Seat 3: Locidogi12 ($3.12 in chips) 
Seat 4: Maxart92 ($6.83 in chips) 
Seat 5: CAI+23-7copa ($2.17 in chips) 
Seat 6: hc agorist ($2.84 in chips) 
Ron copppp: posts small blind $0.01
Locidogi12: posts big blind $0.02
*** HOLE CARDS ***
Dealt to hc agorist [As 9d]
Maxart92: folds 
CAI+23-7copa: folds 
hc agorist: raises $0.02 to $0.04
InSyndicate: folds 
Ron copppp: calls $0.03
Locidogi12: calls $0.02
*** FLOP *** [4h 6s 9h]
Ron copppp: bets $0.02
Locidogi12: folds 
hc agorist: raises $0.14 to $0.16
Ron copppp: folds 
Uncalled bet ($0.14) returned to hc agorist
hc agorist collected $0.15 from pot
hc agorist: doesn't show hand 
*** SUMMARY ***
Total pot $0.16 | Rake $0.01 
Board [4h 6s 9h]
Seat 1: InSyndicate (button) folded before Flop (didn't bet)
Seat 2: Ron copppp (small blind) folded on the Flop
Seat 3: Locidogi12 (big blind) folded on the Flop
Seat 4: Maxart92 folded before Flop (didn't bet)
Seat 5: CAI+23-7copa folded before Flop (didn't bet)
Seat 6: hc agorist collected ($0.15)



PokerStars Zoom Hand #193678178725:  Hold'em No Limit ($0.01/$0.02) - 2018/11/24 14:26:36 CUST [2018/11/24 1:26:36 ET]
Table 'Halley' 6-max Seat #1 is the button
Seat 1: hc agorist ($2.93 in chips) 
Seat 2: Torso88 ($2 in chips) 
Seat 3: n97845461 ($3.33 in chips) 
Seat 4: Ratazzana777 ($2.79 in chips) 
Seat 5: kenbou777 ($3.98 in chips) 
Seat 6: hapjeongstation ($1.23 in chips) 
Torso88: posts small blind $0.01
n97845461: posts big blind $0.02
*** HOLE CARDS ***
Dealt to hc agorist [Ts 5c]
Ratazzana777: folds 
kenbou777: folds 
hapjeongstation: folds 
hc agorist: folds 
Torso88: folds 
Uncalled bet ($0.01) returned to n97845461
n97845461 collected $0.02 from pot
n97845461: doesn't show hand 
*** SUMMARY ***
Total pot $0.02 | Rake $0 
Seat 1: hc agorist (button) folded before Flop (didn't bet)
Seat 2: Torso88 (small blind) folded before Flop
Seat 3: n97845461 (big blind) collected ($0.02)
Seat 4: Ratazzana777 folded before Flop (didn't bet)
Seat 5: kenbou777 folded before Flop (didn't bet)
Seat 6: hapjeongstation folded before Flop (didn't bet)



PokerStars Zoom Hand #193678177507:  Hold'em No Limit ($0.01/$0.02) - 2018/11/24 14:26:30 CUST [2018/11/24 1:26:30 ET]
Table 'Halley' 6-max Seat #1 is the button
Seat 1: lucianocamil ($4.54 in chips) 
Seat 2: Williwacker9 ($2.61 in chips) 
Seat 3: heiheii ($2.63 in chips) 
Seat 4: hc agorist ($2.93 in chips) 
Seat 5: auldstevie ($2.40 in chips) 
Seat 6: sun10011 ($2.04 in chips) 
Williwacker9: posts small blind $0.01
heiheii: posts big blind $0.02
*** HOLE CARDS ***
Dealt to hc agorist [7h Kh]
hc agorist: folds 
auldstevie: folds 
sun10011: folds 
lucianocamil: raises $0.03 to $0.05
Williwacker9: folds 
heiheii: calls $0.03
*** FLOP *** [6c Qc 8d]
heiheii: checks 
lucianocamil: bets $0.06
heiheii: calls $0.06
*** TURN *** [6c Qc 8d] [9h]
heiheii: checks 
lucianocamil: bets $0.07
heiheii: folds 
Uncalled bet ($0.07) returned to lucianocamil
lucianocamil collected $0.22 from pot
lucianocamil: doesn't show hand 
*** SUMMARY ***
Total pot $0.23 | Rake $0.01 
Board [6c Qc 8d 9h]
Seat 1: lucianocamil (button) collected ($0.22)
Seat 2: Williwacker9 (small blind) folded before Flop
Seat 3: heiheii (big blind) folded on the Turn
Seat 4: hc agorist folded before Flop (didn't bet)
Seat 5: auldstevie folded before Flop (didn't bet)
Seat 6: sun10011 folded before Flop (didn't bet)



PokerStars Zoom Hand #193678179589:  Hold'em No Limit ($0.01/$0.02) - 2018/11/24 14:26:40 CUST [2018/11/24 1:26:40 ET]
Table 'Halley' 6-max Seat #1 is the button
Seat 1: Torso88 ($2 in chips) 
Seat 2: hc agorist ($2.93 in chips) 
Seat 3: kenbou777 ($3.98 in chips) 
Seat 4: redhood6 ($2.71 in chips) 
Seat 5: psicoper ($5.06 in chips) 
Seat 6: lucianocamil ($2.30 in chips) 
hc agorist: posts small blind $0.01
kenbou777: posts big blind $0.02
*** HOLE CARDS ***
Dealt to hc agorist [Kc 4c]
redhood6: folds 
psicoper: folds 
lucianocamil: raises $0.04 to $0.06
Torso88: folds 
hc agorist: folds 
kenbou777: raises $0.14 to $0.20
lucianocamil: folds 
Uncalled bet ($0.14) returned to kenbou777
kenbou777 collected $0.13 from pot
kenbou777: doesn't show hand 
*** SUMMARY ***
Total pot $0.13 | Rake $0 
Seat 1: Torso88 (button) folded before Flop (didn't bet)
Seat 2: hc agorist (small blind) folded before Flop
Seat 3: kenbou777 (big blind) collected ($0.13)
Seat 4: redhood6 folded before Flop (didn't bet)
Seat 5: psicoper folded before Flop (didn't bet)
Seat 6: lucianocamil folded before Flop



PokerStars Zoom Hand #193678183502:  Hold'em No Limit ($0.01/$0.02) - 2018/11/24 14:26:59 CUST [2018/11/24 1:26:59 ET]
Table 'Halley' 6-max Seat #1 is the button
Seat 1: DarkLord7919 ($2.54 in chips) 
Seat 2: Ruslan13581 ($2.36 in chips) 
Seat 3: Asket[g1]21 ($2 in chips) 
Seat 4: hc agorist ($2.92 in chips) 
Seat 5: conik111 ($2.21 in chips) 
Seat 6: Bacar88 ($2.27 in chips) 
Ruslan13581: posts small blind $0.01
Asket[g1]21: posts big blind $0.02
*** HOLE CARDS ***
Dealt to hc agorist [8d 9c]
hc agorist: folds 
conik111: raises $0.02 to $0.04
Bacar88: calls $0.04
DarkLord7919: folds 
Ruslan13581: folds 
Asket[g1]21: folds 
*** FLOP *** [As Ah 6c]
conik111: checks 
Bacar88: bets $0.07
conik111: folds 
Uncalled bet ($0.07) returned to Bacar88
Bacar88 collected $0.11 from pot
Bacar88: doesn't show hand 
*** SUMMARY ***
Total pot $0.11 | Rake $0 
Board [As Ah 6c]
Seat 1: DarkLord7919 (button) folded before Flop (didn't bet)
Seat 2: Ruslan13581 (small blind) folded before Flop
Seat 3: Asket[g1]21 (big blind) folded before Flop
Seat 4: hc agorist folded before Flop (didn't bet)
Seat 5: conik111 folded on the Flop
Seat 6: Bacar88 collected ($0.11)



PokerStars Zoom Hand #193678182069:  Hold'em No Limit ($0.01/$0.02) - 2018/11/24 14:26:52 CUST [2018/11/24 1:26:52 ET]
Table 'Halley' 6-max Seat #1 is the button
Seat 1: hoyosuk513 ($2.02 in chips) 
Seat 2: Torso88 ($2 in chips) 
Seat 3: Ballin1611 ($2.35 in chips) 
Seat 4: PE8512 ($6.62 in chips) 
Seat 5: hc agorist ($2.92 in chips) 
Seat 6: gio!!!160490 ($2.42 in chips) 
Torso88: posts small blind $0.01
Ballin1611: posts big blind $0.02
*** HOLE CARDS ***
Dealt to hc agorist [Qs Jc]
PE8512: raises $0.04 to $0.06
hc agorist: folds 
gio!!!160490: folds 
hoyosuk513: folds 
Torso88: folds 
Ballin1611: calls $0.04
*** FLOP *** [9d 4c 3c]
Ballin1611: bets $0.02
PE8512: calls $0.02
*** TURN *** [9d 4c 3c] [Kh]
Ballin1611: bets $0.02
PE8512: calls $0.02
*** RIVER *** [9d 4c 3c Kh] [8c]
Ballin1611: checks 
PE8512: bets $0.18
Ballin1611: folds 
Uncalled bet ($0.18) returned to PE8512
PE8512 collected $0.20 from pot
PE8512: doesn't show hand 
*** SUMMARY ***
Total pot $0.21 | Rake $0.01 
Board [9d 4c 3c Kh 8c]
Seat 1: hoyosuk513 (button) folded before Flop (didn't bet)
Seat 2: Torso88 (small blind) folded before Flop
Seat 3: Ballin1611 (big blind) folded on the River
Seat 4: PE8512 collected ($0.20)
Seat 5: hc agorist folded before Flop (didn't bet)
Seat 6: gio!!!160490 folded before Flop (didn't bet)



PokerStars Zoom Hand #193678184334:  Hold'em No Limit ($0.01/$0.02) - 2018/11/24 14:27:03 CUST [2018/11/24 1:27:03 ET]
Table 'Halley' 6-max Seat #1 is the button
Seat 1: Agno$tic ($6.37 in chips) 
Seat 2: Krawicz ($2.03 in chips) 
Seat 3: kilingdude ($2 in chips) 
Seat 4: hc agorist ($2.92 in chips) 
Seat 5: joelox25 ($3.30 in chips) 
Seat 6: CAI+23-7copa ($2 in chips) 
Krawicz: posts small blind $0.01
kilingdude: posts big blind $0.02
*** HOLE CARDS ***
Dealt to hc agorist [6h Th]
hc agorist: folds 
joelox25: folds 
CAI+23-7copa: folds 
Agno$tic: folds 
Krawicz: raises $0.06 to $0.08
kilingdude: folds 
Uncalled bet ($0.06) returned to Krawicz
Krawicz collected $0.04 from pot
Krawicz: doesn't show hand 
*** SUMMARY ***
Total pot $0.04 | Rake $0 
Seat 1: Agno$tic (button) folded before Flop (didn't bet)
Seat 2: Krawicz (small blind) collected ($0.04)
Seat 3: kilingdude (big blind) folded before Flop
Seat 4: hc agorist folded before Flop (didn't bet)
Seat 5: joelox25 folded before Flop (didn't bet)
Seat 6: CAI+23-7copa folded before Flop (didn't bet)



PokerStars Zoom Hand #193678185418:  Hold'em No Limit ($0.01/$0.02) - 2018/11/24 14:27:08 CUST [2018/11/24 1:27:08 ET]
Table 'Halley' 6-max Seat #1 is the button
Seat 1: bratsvat ($3.55 in chips) 
Seat 2: Hsiang60229 ($1.80 in chips) 
Seat 3: hc agorist ($2.92 in chips) 
Seat 4: adler023 ($1.64 in chips) 
Seat 5: fumd54 ($2.09 in chips) 
Seat 6: Bibimbab ($6.30 in chips) 
Hsiang60229: posts small blind $0.01
hc agorist: posts big blind $0.02
*** HOLE CARDS ***
Dealt to hc agorist [9h Kc]
adler023: folds 
fumd54: folds 
Bibimbab: folds 
bratsvat: folds 
Hsiang60229: raises $0.03 to $0.05
hc agorist: calls $0.03
*** FLOP *** [Kh Ad Th]
Hsiang60229: bets $0.06
hc agorist: calls $0.06
*** TURN *** [Kh Ad Th] [2c]
Hsiang60229: checks 
hc agorist: checks 
*** RIVER *** [Kh Ad Th 2c] [Jc]
Hsiang60229: checks 
hc agorist: checks 
*** SHOW DOWN ***
Hsiang60229: shows [6c As] (a pair of Aces)
hc agorist: mucks hand 
Hsiang60229 collected $0.21 from pot
*** SUMMARY ***
Total pot $0.22 | Rake $0.01 
Board [Kh Ad Th 2c Jc]
Seat 1: bratsvat (button) folded before Flop (didn't bet)
Seat 2: Hsiang60229 (small blind) showed [6c As] and won ($0.21) with a pair of Aces
Seat 3: hc agorist (big blind) mucked [9h Kc]
Seat 4: adler023 folded before Flop (didn't bet)
Seat 5: fumd54 folded before Flop (didn't bet)
Seat 6: Bibimbab folded before Flop (didn't bet)



PokerStars Zoom Hand #193678199833:  Hold'em No Limit ($0.01/$0.02) - 2018/11/24 14:28:16 CUST [2018/11/24 1:28:16 ET]
Table 'Halley' 6-max Seat #1 is the button
Seat 1: taren666 ($1.11 in chips) 
Seat 2: kenbou777 ($2.68 in chips) 
Seat 3: freshuser888 ($5.17 in chips) 
Seat 4: j.yamamoto ($1.50 in chips) 
Seat 5: hc agorist ($2.80 in chips) 
Seat 6: ThunderMan15 ($1.27 in chips) 
kenbou777: posts small blind $0.01
freshuser888: posts big blind $0.02
*** HOLE CARDS ***
Dealt to hc agorist [Qh 6d]
j.yamamoto: folds 
hc agorist: folds 
ThunderMan15: folds 
taren666: folds 
kenbou777: folds 
Uncalled bet ($0.01) returned to freshuser888
freshuser888 collected $0.02 from pot
freshuser888: doesn't show hand 
*** SUMMARY ***
Total pot $0.02 | Rake $0 
Seat 1: taren666 (button) folded before Flop (didn't bet)
Seat 2: kenbou777 (small blind) folded before Flop
Seat 3: freshuser888 (big blind) collected ($0.02)
Seat 4: j.yamamoto folded before Flop (didn't bet)
Seat 5: hc agorist folded before Flop (didn't bet)
Seat 6: ThunderMan15 folded before Flop (didn't bet)



PokerStars Zoom Hand #193678197646:  Hold'em No Limit ($0.01/$0.02) - 2018/11/24 14:28:06 CUST [2018/11/24 1:28:06 ET]
Table 'Halley' 6-max Seat #1 is the button
Seat 1: Asket[g1]21 ($2 in chips) 
Seat 2: hoyosuk513 ($2.25 in chips) 
Seat 3: punchandpie1 ($2.11 in chips) 
Seat 4: L.FernandoCE ($5.10 in chips) 
Seat 5: Williwacker9 ($2.06 in chips) 
Seat 6: hc agorist ($2.80 in chips) 
hoyosuk513: posts small blind $0.01
punchandpie1: posts big blind $0.02
*** HOLE CARDS ***
Dealt to hc agorist [6h Kc]
L.FernandoCE: raises $0.04 to $0.06
Williwacker9: folds 
hc agorist: folds 
Asket[g1]21: folds 
hoyosuk513: folds 
punchandpie1: folds 
Uncalled bet ($0.04) returned to L.FernandoCE
L.FernandoCE collected $0.05 from pot
L.FernandoCE: doesn't show hand 
*** SUMMARY ***
Total pot $0.05 | Rake $0 
Seat 1: Asket[g1]21 (button) folded before Flop (didn't bet)
Seat 2: hoyosuk513 (small blind) folded before Flop
Seat 3: punchandpie1 (big blind) folded before Flop
Seat 4: L.FernandoCE collected ($0.05)
Seat 5: Williwacker9 folded before Flop (didn't bet)
Seat 6: hc agorist folded before Flop (didn't bet)



PokerStars Zoom Hand #193678200687:  Hold'em No Limit ($0.01/$0.02) - 2018/11/24 14:28:20 CUST [2018/11/24 1:28:20 ET]
Table 'Halley' 6-max Seat #1 is the button
Seat 1: Rockabill408 ($2.58 in chips) 
Seat 2: n97845461 ($3.87 in chips) 
Seat 3: DarkLord7919 ($2.09 in chips) 
Seat 4: owndbyagirl? ($1.07 in chips) 
Seat 5: hc agorist ($2.80 in chips) 
Seat 6: BohdanChubyk ($4.38 in chips) 
n97845461: posts small blind $0.01
DarkLord7919: posts big blind $0.02
*** HOLE CARDS ***
Dealt to hc agorist [7d 7s]
owndbyagirl?: folds 
hc agorist: raises $0.02 to $0.04
BohdanChubyk: folds 
Rockabill408: folds 
n97845461: folds 
DarkLord7919: calls $0.02
*** FLOP *** [5d Th Ks]
DarkLord7919: checks 
hc agorist: bets $0.07
DarkLord7919: folds 
Uncalled bet ($0.07) returned to hc agorist
hc agorist collected $0.09 from pot
hc agorist: doesn't show hand 
*** SUMMARY ***
Total pot $0.09 | Rake $0 
Board [5d Th Ks]
Seat 1: Rockabill408 (button) folded before Flop (didn't bet)
Seat 2: n97845461 (small blind) folded before Flop
Seat 3: DarkLord7919 (big blind) folded on the Flop
Seat 4: owndbyagirl? folded before Flop (didn't bet)
Seat 5: hc agorist collected ($0.09)
Seat 6: BohdanChubyk folded before Flop (didn't bet)



PokerStars Zoom Hand #193678198730:  Hold'em No Limit ($0.01/$0.02) - 2018/11/24 14:28:11 CUST [2018/11/24 1:28:11 ET]
Table 'Halley' 6-max Seat #1 is the button
Seat 1: hc agorist ($2.80 in chips) 
Seat 2: Neftot ($2.19 in chips) 
Seat 3: Karel33555 ($2.02 in chips) 
Seat 4: Williwacker9 ($2.06 in chips) 
Seat 5: Antonioni78 ($1.72 in chips) 
Seat 6: taren666 ($1.11 in chips) 
Neftot: posts small blind $0.01
Karel33555: posts big blind $0.02
*** HOLE CARDS ***
Dealt to hc agorist [4s Js]
Williwacker9: folds 
Antonioni78: calls $0.02
taren666: folds 
hc agorist: folds 
Neftot: folds 
Karel33555: raises $0.06 to $0.08
Antonioni78: calls $0.06
*** FLOP *** [Jd 3d 6s]
Karel33555: checks 
Antonioni78: checks 
*** TURN *** [Jd 3d 6s] [8s]
Karel33555: bets $0.14
Antonioni78: calls $0.14
*** RIVER *** [Jd 3d 6s 8s] [Th]
Karel33555: bets $0.43
Antonioni78: folds 
Uncalled bet ($0.43) returned to Karel33555
Karel33555 collected $0.43 from pot
Karel33555: doesn't show hand 
*** SUMMARY ***
Total pot $0.45 | Rake $0.02 
Board [Jd 3d 6s 8s Th]
Seat 1: hc agorist (button) folded before Flop (didn't bet)
Seat 2: Neftot (small blind) folded before Flop
Seat 3: Karel33555 (big blind) collected ($0.43)
Seat 4: Williwacker9 folded before Flop (didn't bet)
Seat 5: Antonioni78 folded on the River
Seat 6: taren666 folded before Flop (didn't bet)



PokerStars Zoom Hand #193678205739:  Hold'em No Limit ($0.01/$0.02) - 2018/11/24 14:28:44 CUST [2018/11/24 1:28:44 ET]
Table 'Halley' 6-max Seat #1 is the button
Seat 1: Malczev ($1 in chips) 
Seat 2: Maxart92 ($4.10 in chips) 
Seat 3: hc agorist ($2.85 in chips) 
Seat 4: joelox25 ($3.54 in chips) 
Seat 5: bluejjays ($2.27 in chips) 
Seat 6: slava031091 ($1.31 in chips) 
Maxart92: posts small blind $0.01
hc agorist: posts big blind $0.02
*** HOLE CARDS ***
Dealt to hc agorist [As Tc]
joelox25: raises $0.04 to $0.06
bluejjays: folds 
slava031091: folds 
Malczev: folds 
Maxart92: folds 
hc agorist: folds 
Uncalled bet ($0.04) returned to joelox25
joelox25 collected $0.05 from pot
joelox25: doesn't show hand 
*** SUMMARY ***
Total pot $0.05 | Rake $0 
Seat 1: Malczev (button) folded before Flop (didn't bet)
Seat 2: Maxart92 (small blind) folded before Flop
Seat 3: hc agorist (big blind) folded before Flop
Seat 4: joelox25 collected ($0.05)
Seat 5: bluejjays folded before Flop (didn't bet)
Seat 6: slava031091 folded before Flop (didn't bet)



PokerStars Zoom Hand #193678196601:  Hold'em No Limit ($0.01/$0.02) - 2018/11/24 14:28:01 CUST [2018/11/24 1:28:01 ET]
Table 'Halley' 6-max Seat #1 is the button
Seat 1: SoupMac85 ($3.15 in chips) 
Seat 2: hc agorist ($2.81 in chips) 
Seat 3: Malczev ($1 in chips) 
Seat 4: StavrTar ($2 in chips) 
Seat 5: BuffmonsterOne ($8.46 in chips) 
Seat 6: Maxart92 ($6.22 in chips) 
hc agorist: posts small blind $0.01
Malczev: posts big blind $0.02
*** HOLE CARDS ***
Dealt to hc agorist [8c 2s]
StavrTar: folds 
BuffmonsterOne: raises $0.03 to $0.05
Maxart92: calls $0.05
SoupMac85: folds 
hc agorist: folds 
Malczev: folds 
*** FLOP *** [9h Th 5h]
BuffmonsterOne: checks 
Maxart92: checks 
*** TURN *** [9h Th 5h] [8s]
BuffmonsterOne: checks 
Maxart92: checks 
*** RIVER *** [9h Th 5h 8s] [Tc]
BuffmonsterOne: checks 
Maxart92: checks 
*** SHOW DOWN ***
BuffmonsterOne: shows [As 3s] (a pair of Tens)
Maxart92: shows [6c 6s] (two pair, Tens and Sixes)
Maxart92 collected $0.13 from pot
*** SUMMARY ***
Total pot $0.13 | Rake $0 
Board [9h Th 5h 8s Tc]
Seat 1: SoupMac85 (button) folded before Flop (didn't bet)
Seat 2: hc agorist (small blind) folded before Flop
Seat 3: Malczev (big blind) folded before Flop
Seat 4: StavrTar folded before Flop (didn't bet)
Seat 5: BuffmonsterOne showed [As 3s] and lost with a pair of Tens
Seat 6: Maxart92 showed [6c 6s] and won ($0.13) with two pair, Tens and Sixes



PokerStars Zoom Hand #193678208916:  Hold'em No Limit ($0.01/$0.02) - 2018/11/24 14:28:59 CUST [2018/11/24 1:28:59 ET]
Table 'Halley' 6-max Seat #1 is the button
Seat 1: bocha1943 ($2.09 in chips) 
Seat 2: TheL1ke ($1.90 in chips) 
Seat 3: Helmut969 ($1.74 in chips) 
Seat 4: freshuser888 ($5.41 in chips) 
Seat 5: Maverick_JPR ($2 in chips) 
Seat 6: hc agorist ($2.82 in chips) 
TheL1ke: posts small blind $0.01
Helmut969: posts big blind $0.02
*** HOLE CARDS ***
Dealt to hc agorist [Th Ts]
freshuser888: folds 
Maverick_JPR: folds 
hc agorist: raises $0.02 to $0.04
bocha1943: folds 
TheL1ke: folds 
Helmut969: folds 
Uncalled bet ($0.02) returned to hc agorist
hc agorist collected $0.05 from pot
hc agorist: doesn't show hand 
*** SUMMARY ***
Total pot $0.05 | Rake $0 
Seat 1: bocha1943 (button) folded before Flop (didn't bet)
Seat 2: TheL1ke (small blind) folded before Flop
Seat 3: Helmut969 (big blind) folded before Flop
Seat 4: freshuser888 folded before Flop (didn't bet)
Seat 5: Maverick_JPR folded before Flop (didn't bet)
Seat 6: hc agorist collected ($0.05)



PokerStars Zoom Hand #193678211471:  Hold'em No Limit ($0.01/$0.02) - 2018/11/24 14:29:11 CUST [2018/11/24 1:29:11 ET]
Table 'Halley' 6-max Seat #1 is the button
Seat 1: hc agorist ($2.85 in chips) 
Seat 2: naoya1929 ($2.11 in chips) 
Seat 3: BuffmonsterOne ($5.24 in chips) 
Seat 4: Williwacker9 ($2.66 in chips) 
Seat 5: Maverick_JPR ($2 in chips) 
Seat 6: Nickocai98 ($2.27 in chips) 
naoya1929: posts small blind $0.01
BuffmonsterOne: posts big blind $0.02
*** HOLE CARDS ***
Dealt to hc agorist [Ts 7c]
Williwacker9: folds 
Maverick_JPR: folds 
Nickocai98: raises $0.04 to $0.06
hc agorist: folds 
naoya1929: folds 
BuffmonsterOne: folds 
Uncalled bet ($0.04) returned to Nickocai98
Nickocai98 collected $0.05 from pot
Nickocai98: doesn't show hand 
*** SUMMARY ***
Total pot $0.05 | Rake $0 
Seat 1: hc agorist (button) folded before Flop (didn't bet)
Seat 2: naoya1929 (small blind) folded before Flop
Seat 3: BuffmonsterOne (big blind) folded before Flop
Seat 4: Williwacker9 folded before Flop (didn't bet)
Seat 5: Maverick_JPR folded before Flop (didn't bet)
Seat 6: Nickocai98 collected ($0.05)



PokerStars Zoom Hand #193678207885:  Hold'em No Limit ($0.01/$0.02) - 2018/11/24 14:28:54 CUST [2018/11/24 1:28:54 ET]
Table 'Halley' 6-max Seat #1 is the button
Seat 1: Chicou69 ($2.09 in chips) 
Seat 2: hc agorist ($2.83 in chips) 
Seat 3: bellechik ($1.97 in chips) 
Seat 4: MárioBernard ($1.98 in chips) 
Seat 5: demon7521 ($3.91 in chips) 
Seat 6: HUALSTER ($2.33 in chips) 
hc agorist: posts small blind $0.01
bellechik: posts big blind $0.02
*** HOLE CARDS ***
Dealt to hc agorist [Qh 9d]
MárioBernard: raises $0.02 to $0.04
demon7521: folds 
HUALSTER: calls $0.04
Chicou69: folds 
hc agorist: folds 
bellechik: calls $0.02
*** FLOP *** [2s 8c 3h]
bellechik: checks 
MárioBernard: bets $0.02
HUALSTER: raises $0.08 to $0.10
bellechik: folds 
MárioBernard: folds 
Uncalled bet ($0.08) returned to HUALSTER
HUALSTER collected $0.16 from pot
HUALSTER: doesn't show hand 
*** SUMMARY ***
Total pot $0.17 | Rake $0.01 
Board [2s 8c 3h]
Seat 1: Chicou69 (button) folded before Flop (didn't bet)
Seat 2: hc agorist (small blind) folded before Flop
Seat 3: bellechik (big blind) folded on the Flop
Seat 4: MárioBernard folded on the Flop
Seat 5: demon7521 folded before Flop (didn't bet)
Seat 6: HUALSTER collected ($0.16)



PokerStars Zoom Hand #193678212268:  Hold'em No Limit ($0.01/$0.02) - 2018/11/24 14:29:15 CUST [2018/11/24 1:29:15 ET]
Table 'Halley' 6-max Seat #1 is the button
Seat 1: luka1981good ($2 in chips) 
Seat 2: Rosmid ($3.63 in chips) 
Seat 3: Aleks1992aa ($1.52 in chips) 
Seat 4: hc agorist ($2.85 in chips) 
Seat 5: sorokin21 ($3.45 in chips) 
Seat 6: SKV_1985 ($2 in chips) 
Rosmid: posts small blind $0.01
Aleks1992aa: posts big blind $0.02
*** HOLE CARDS ***
Dealt to hc agorist [Kc 9h]
hc agorist: raises $0.02 to $0.04
sorokin21: calls $0.04
SKV_1985: folds 
luka1981good: folds 
Rosmid: calls $0.03
Aleks1992aa: calls $0.02
*** FLOP *** [Qd 6d 3d]
Rosmid: checks 
Aleks1992aa: bets $0.08
hc agorist: folds 
sorokin21: folds 
Rosmid: calls $0.08
*** TURN *** [Qd 6d 3d] [Th]
Rosmid: checks 
Aleks1992aa: bets $0.08
Rosmid: calls $0.08
*** RIVER *** [Qd 6d 3d Th] [6h]
Rosmid: checks 
Aleks1992aa: bets $0.18
Rosmid: calls $0.18
*** SHOW DOWN ***
Aleks1992aa: shows [Kd Jh] (a pair of Sixes)
Rosmid: shows [Ad Qs] (two pair, Queens and Sixes)
Rosmid collected $0.81 from pot
*** SUMMARY ***
Total pot $0.84 | Rake $0.03 
Board [Qd 6d 3d Th 6h]
Seat 1: luka1981good (button) folded before Flop (didn't bet)
Seat 2: Rosmid (small blind) showed [Ad Qs] and won ($0.81) with two pair, Queens and Sixes
Seat 3: Aleks1992aa (big blind) showed [Kd Jh] and lost with a pair of Sixes
Seat 4: hc agorist folded on the Flop
Seat 5: sorokin21 folded on the Flop
Seat 6: SKV_1985 folded before Flop (didn't bet)



PokerStars Zoom Hand #193678216097:  Hold'em No Limit ($0.01/$0.02) - 2018/11/24 14:29:33 CUST [2018/11/24 1:29:33 ET]
Table 'Halley' 6-max Seat #1 is the button
Seat 1: vara2973 ($1.72 in chips) 
Seat 2: RECHUK ($1.71 in chips) 
Seat 3: SKV_1985 ($2 in chips) 
Seat 4: Anthony00087 ($4.36 in chips) 
Seat 5: Chicou69 ($2.06 in chips) 
Seat 6: hc agorist ($2.81 in chips) 
RECHUK: posts small blind $0.01
SKV_1985: posts big blind $0.02
*** HOLE CARDS ***
Dealt to hc agorist [Jc 2s]
Anthony00087: folds 
Chicou69: folds 
hc agorist: folds 
vara2973: folds 
RECHUK: raises $0.03 to $0.05
SKV_1985: calls $0.03
*** FLOP *** [6s 3h Ad]
RECHUK: bets $0.06
SKV_1985: folds 
Uncalled bet ($0.06) returned to RECHUK
RECHUK collected $0.10 from pot
RECHUK: doesn't show hand 
*** SUMMARY ***
Total pot $0.10 | Rake $0 
Board [6s 3h Ad]
Seat 1: vara2973 (button) folded before Flop (didn't bet)
Seat 2: RECHUK (small blind) collected ($0.10)
Seat 3: SKV_1985 (big blind) folded on the Flop
Seat 4: Anthony00087 folded before Flop (didn't bet)
Seat 5: Chicou69 folded before Flop (didn't bet)
Seat 6: hc agorist folded before Flop (didn't bet)



PokerStars Zoom Hand #193678218355:  Hold'em No Limit ($0.01/$0.02) - 2018/11/24 14:29:44 CUST [2018/11/24 1:29:44 ET]
Table 'Halley' 6-max Seat #1 is the button
Seat 1: potato776 ($3.87 in chips) 
Seat 2: Maverick_JPR ($2.01 in chips) 
Seat 3: hc agorist ($2.80 in chips) 
Seat 4: hoyosuk513 ($3.42 in chips) 
Seat 5: geekfreak420 ($0.77 in chips) 
Seat 6: Nossna ($2 in chips) 
Maverick_JPR: posts small blind $0.01
hc agorist: posts big blind $0.02
*** HOLE CARDS ***
Dealt to hc agorist [Ts 8h]
hoyosuk513: folds 
geekfreak420: calls $0.02
Nossna: folds 
potato776: folds 
Maverick_JPR: folds 
hc agorist: checks 
*** FLOP *** [3h 7d 3s]
hc agorist: checks 
geekfreak420: checks 
*** TURN *** [3h 7d 3s] [2s]
hc agorist: bets $0.04
geekfreak420: calls $0.04
*** RIVER *** [3h 7d 3s 2s] [6h]
hc agorist: bets $0.12
geekfreak420: folds 
Uncalled bet ($0.12) returned to hc agorist
hc agorist collected $0.13 from pot
hc agorist: doesn't show hand 
*** SUMMARY ***
Total pot $0.13 | Rake $0 
Board [3h 7d 3s 2s 6h]
Seat 1: potato776 (button) folded before Flop (didn't bet)
Seat 2: Maverick_JPR (small blind) folded before Flop
Seat 3: hc agorist (big blind) collected ($0.13)
Seat 4: hoyosuk513 folded before Flop (didn't bet)
Seat 5: geekfreak420 folded on the River
Seat 6: Nossna folded before Flop (didn't bet)



PokerStars Zoom Hand #193678217311:  Hold'em No Limit ($0.01/$0.02) - 2018/11/24 14:29:39 CUST [2018/11/24 1:29:39 ET]
Table 'Halley' 6-max Seat #1 is the button
Seat 1: Krawicz ($2.09 in chips) 
Seat 2: hc agorist ($2.81 in chips) 
Seat 3: SIRmicekUK ($0.91 in chips) 
Seat 4: Jast4Fan95 ($2.37 in chips) 
Seat 5: pastyr777 ($2.27 in chips) 
Seat 6: sorokin21 ($3.41 in chips) 
hc agorist: posts small blind $0.01
SIRmicekUK: posts big blind $0.02
*** HOLE CARDS ***
Dealt to hc agorist [5s Jc]
Jast4Fan95: folds 
pastyr777: folds 
sorokin21: folds 
Krawicz: raises $0.06 to $0.08
hc agorist: folds 
SIRmicekUK: calls $0.06
*** FLOP *** [3d Ts 3s]
SIRmicekUK: bets $0.83 and is all-in
Krawicz: folds 
Uncalled bet ($0.83) returned to SIRmicekUK
SIRmicekUK collected $0.16 from pot
SIRmicekUK: doesn't show hand 
*** SUMMARY ***
Total pot $0.17 | Rake $0.01 
Board [3d Ts 3s]
Seat 1: Krawicz (button) folded on the Flop
Seat 2: hc agorist (small blind) folded before Flop
Seat 3: SIRmicekUK (big blind) collected ($0.16)
Seat 4: Jast4Fan95 folded before Flop (didn't bet)
Seat 5: pastyr777 folded before Flop (didn't bet)
Seat 6: sorokin21 folded before Flop (didn't bet)



PokerStars Zoom Hand #193678225807:  Hold'em No Limit ($0.01/$0.02) - 2018/11/24 14:30:20 CUST [2018/11/24 1:30:20 ET]
Table 'Halley' 6-max Seat #1 is the button
Seat 1: Hakkepeiling ($1.98 in chips) 
Seat 2: odinsmith41 ($2.28 in chips) 
Seat 3: kakoytotip ($2 in chips) 
Seat 4: Like.a.Bo5s ($2.07 in chips) 
Seat 5: hc agorist ($2.87 in chips) 
Seat 6: MainFisher ($2.03 in chips) 
odinsmith41: posts small blind $0.01
kakoytotip: posts big blind $0.02
*** HOLE CARDS ***
Dealt to hc agorist [7c 4c]
Like.a.Bo5s: folds 
hc agorist: raises $0.02 to $0.04
MainFisher: folds 
Hakkepeiling: calls $0.04
odinsmith41: folds 
kakoytotip: folds 
*** FLOP *** [8s Ts Ac]
hc agorist: checks 
Hakkepeiling: checks 
*** TURN *** [8s Ts Ac] [3s]
hc agorist: checks 
Hakkepeiling: checks 
*** RIVER *** [8s Ts Ac 3s] [6d]
hc agorist: checks 
Hakkepeiling: checks 
*** SHOW DOWN ***
hc agorist: shows [7c 4c] (high card Ace)
Hakkepeiling: shows [Kd 9d] (high card Ace - King kicker)
Hakkepeiling collected $0.11 from pot
*** SUMMARY ***
Total pot $0.11 | Rake $0 
Board [8s Ts Ac 3s 6d]
Seat 1: Hakkepeiling (button) showed [Kd 9d] and won ($0.11) with high card Ace
Seat 2: odinsmith41 (small blind) folded before Flop
Seat 3: kakoytotip (big blind) folded before Flop
Seat 4: Like.a.Bo5s folded before Flop (didn't bet)
Seat 5: hc agorist showed [7c 4c] and lost with high card Ace
Seat 6: MainFisher folded before Flop (didn't bet)



PokerStars Zoom Hand #193678232628:  Hold'em No Limit ($0.01/$0.02) - 2018/11/24 14:30:53 CUST [2018/11/24 1:30:53 ET]
Table 'Halley' 6-max Seat #1 is the button
Seat 1: hc agorist ($2.83 in chips) 
Seat 2: Cotecoxxx ($5.65 in chips) 
Seat 3: elbrusov ($2.36 in chips) 
Seat 4: Hakkepeiling ($2.05 in chips) 
Seat 5: luka1981good ($3.07 in chips) 
Seat 6: Maverick_JPR ($2 in chips) 
Cotecoxxx: posts small blind $0.01
elbrusov: posts big blind $0.02
*** HOLE CARDS ***
Dealt to hc agorist [6s 8s]
Hakkepeiling: folds 
luka1981good: folds 
Maverick_JPR: raises $0.05 to $0.07
hc agorist: calls $0.07
Cotecoxxx: folds 
elbrusov: folds 
*** FLOP *** [7c 4s 3s]
Maverick_JPR: bets $0.02
hc agorist: raises $0.14 to $0.16
Maverick_JPR: folds 
Uncalled bet ($0.14) returned to hc agorist
hc agorist collected $0.20 from pot
hc agorist: doesn't show hand 
*** SUMMARY ***
Total pot $0.21 | Rake $0.01 
Board [7c 4s 3s]
Seat 1: hc agorist (button) collected ($0.20)
Seat 2: Cotecoxxx (small blind) folded before Flop
Seat 3: elbrusov (big blind) folded before Flop
Seat 4: Hakkepeiling folded before Flop (didn't bet)
Seat 5: luka1981good folded before Flop (didn't bet)
Seat 6: Maverick_JPR folded on the Flop



PokerStars Zoom Hand #193678239252:  Hold'em No Limit ($0.01/$0.02) - 2018/11/24 14:31:25 CUST [2018/11/24 1:31:25 ET]
Table 'Halley' 6-max Seat #1 is the button
Seat 1: Maxart92 ($4.07 in chips) 
Seat 2: sergeiv13 ($2.66 in chips) 
Seat 3: Williwacker9 ($2.46 in chips) 
Seat 4: hc agorist ($2.94 in chips) 
Seat 5: auldstevie ($2.49 in chips) 
Seat 6: naoya1929 ($2.09 in chips) 
sergeiv13: posts small blind $0.01
Williwacker9: posts big blind $0.02
*** HOLE CARDS ***
Dealt to hc agorist [9c Jc]
hc agorist: raises $0.02 to $0.04
auldstevie: calls $0.04
naoya1929: folds 
Maxart92: folds 
sergeiv13: folds 
Williwacker9: folds 
*** FLOP *** [Ad Ks Kd]
hc agorist: bets $0.04
auldstevie: calls $0.04
*** TURN *** [Ad Ks Kd] [4c]
hc agorist: checks 
auldstevie: bets $0.05
hc agorist: folds 
Uncalled bet ($0.05) returned to auldstevie
auldstevie collected $0.18 from pot
auldstevie: doesn't show hand 
*** SUMMARY ***
Total pot $0.19 | Rake $0.01 
Board [Ad Ks Kd 4c]
Seat 1: Maxart92 (button) folded before Flop (didn't bet)
Seat 2: sergeiv13 (small blind) folded before Flop
Seat 3: Williwacker9 (big blind) folded before Flop
Seat 4: hc agorist folded on the Turn
Seat 5: auldstevie collected ($0.18)
Seat 6: naoya1929 folded before Flop (didn't bet)



PokerStars Zoom Hand #193678244773:  Hold'em No Limit ($0.01/$0.02) - 2018/11/24 14:31:51 CUST [2018/11/24 1:31:51 ET]
Table 'Halley' 6-max Seat #1 is the button
Seat 1: Aleks-7z ($2.34 in chips) 
Seat 2: bocha1943 ($2 in chips) 
Seat 3: hc agorist ($2.86 in chips) 
Seat 4: ww410490 ($2 in chips) 
Seat 5: alexdg74 ($3.69 in chips) 
Seat 6: sorokinpv36 ($1.91 in chips) 
bocha1943: posts small blind $0.01
hc agorist: posts big blind $0.02
*** HOLE CARDS ***
Dealt to hc agorist [Qh Ts]
ww410490: folds 
alexdg74: folds 
sorokinpv36: raises $0.03 to $0.05
Aleks-7z: folds 
bocha1943: folds 
hc agorist: calls $0.03
*** FLOP *** [7d 5c 8s]
hc agorist: checks 
sorokinpv36: bets $0.07
hc agorist: folds 
Uncalled bet ($0.07) returned to sorokinpv36
sorokinpv36 collected $0.11 from pot
sorokinpv36: doesn't show hand 
*** SUMMARY ***
Total pot $0.11 | Rake $0 
Board [7d 5c 8s]
Seat 1: Aleks-7z (button) folded before Flop (didn't bet)
Seat 2: bocha1943 (small blind) folded before Flop
Seat 3: hc agorist (big blind) folded on the Flop
Seat 4: ww410490 folded before Flop (didn't bet)
Seat 5: alexdg74 folded before Flop (didn't bet)
Seat 6: sorokinpv36 collected ($0.11)



PokerStars Zoom Hand #193678238449:  Hold'em No Limit ($0.01/$0.02) - 2018/11/24 14:31:21 CUST [2018/11/24 1:31:21 ET]
Table 'Halley' 6-max Seat #1 is the button
Seat 1: risyk11111 ($2.82 in chips) 
Seat 2: adler023 ($1.60 in chips) 
Seat 3: Agno$tic ($2 in chips) 
Seat 4: hc agorist ($2.94 in chips) 
Seat 5: RATO NUCLEO ($2.07 in chips) 
Seat 6: Shuv-Oohl ($4.74 in chips) 
adler023: posts small blind $0.01
Agno$tic: posts big blind $0.02
*** HOLE CARDS ***
Dealt to hc agorist [6d As]
hc agorist: folds 
RATO NUCLEO: raises $0.02 to $0.04
Shuv-Oohl: folds 
risyk11111: calls $0.04
adler023: calls $0.03
Agno$tic: folds 
*** FLOP *** [6s 5d Jd]
adler023: bets $0.10
RATO NUCLEO: folds 
risyk11111: calls $0.10
*** TURN *** [6s 5d Jd] [5h]
adler023: bets $0.16
risyk11111: folds 
Uncalled bet ($0.16) returned to adler023
adler023 collected $0.33 from pot
adler023: doesn't show hand 
*** SUMMARY ***
Total pot $0.34 | Rake $0.01 
Board [6s 5d Jd 5h]
Seat 1: risyk11111 (button) folded on the Turn
Seat 2: adler023 (small blind) collected ($0.33)
Seat 3: Agno$tic (big blind) folded before Flop
Seat 4: hc agorist folded before Flop (didn't bet)
Seat 5: RATO NUCLEO folded on the Flop
Seat 6: Shuv-Oohl folded before Flop (didn't bet)



PokerStars Zoom Hand #193678249121:  Hold'em No Limit ($0.01/$0.02) - 2018/11/24 14:32:12 CUST [2018/11/24 1:32:12 ET]
Table 'Halley' 6-max Seat #1 is the button
Seat 1: alexdg74 ($2.92 in chips) 
Seat 2: naoya1929 ($2.01 in chips) 
Seat 3: Randal000 ($3.95 in chips) 
Seat 4: OBEL558 ($2.71 in chips) 
Seat 5: hc agorist ($2.81 in chips) 
Seat 6: DRONI RUS ($2.18 in chips) 
naoya1929: posts small blind $0.01
Randal000: posts big blind $0.02
*** HOLE CARDS ***
Dealt to hc agorist [8d 5d]
OBEL558: raises $0.02 to $0.04
hc agorist: folds 
DRONI RUS: folds 
alexdg74: folds 
naoya1929: folds 
Randal000: calls $0.02
*** FLOP *** [2d Qd 8c]
Randal000: checks 
OBEL558: checks 
*** TURN *** [2d Qd 8c] [6h]
Randal000: bets $0.05
OBEL558: calls $0.05
*** RIVER *** [2d Qd 8c 6h] [Qh]
Randal000: checks 
OBEL558: bets $0.18
Randal000: folds 
Uncalled bet ($0.18) returned to OBEL558
OBEL558 collected $0.18 from pot
OBEL558: doesn't show hand 
*** SUMMARY ***
Total pot $0.19 | Rake $0.01 
Board [2d Qd 8c 6h Qh]
Seat 1: alexdg74 (button) folded before Flop (didn't bet)
Seat 2: naoya1929 (small blind) folded before Flop
Seat 3: Randal000 (big blind) folded on the River
Seat 4: OBEL558 collected ($0.18)
Seat 5: hc agorist folded before Flop (didn't bet)
Seat 6: DRONI RUS folded before Flop (didn't bet)



PokerStars Zoom Hand #193678250149:  Hold'em No Limit ($0.01/$0.02) - 2018/11/24 14:32:17 CUST [2018/11/24 1:32:17 ET]
Table 'Halley' 6-max Seat #1 is the button
Seat 1: SoupMac85 ($1.85 in chips) 
Seat 2: hc agorist ($2.81 in chips) 
Seat 3: B_COPATKY_HA ($3.10 in chips) 
Seat 4: Kralle220787 ($2.43 in chips) 
Seat 5: bluejjays ($2.35 in chips) 
Seat 6: Rockabill408 ($2.22 in chips) 
hc agorist: posts small blind $0.01
B_COPATKY_HA: posts big blind $0.02
*** HOLE CARDS ***
Dealt to hc agorist [6d 5d]
Kralle220787: folds 
bluejjays: folds 
Rockabill408: raises $0.04 to $0.06
SoupMac85: calls $0.06
hc agorist: raises $0.20 to $0.26
B_COPATKY_HA: folds 
Rockabill408: folds 
SoupMac85: calls $0.20
*** FLOP *** [6c 3c Jc]
hc agorist: bets $0.20
SoupMac85: calls $0.20
*** TURN *** [6c 3c Jc] [9c]
hc agorist: checks 
SoupMac85: bets $0.48
hc agorist: folds 
Uncalled bet ($0.48) returned to SoupMac85
SoupMac85 collected $0.96 from pot
SoupMac85: doesn't show hand 
*** SUMMARY ***
Total pot $1 | Rake $0.04 
Board [6c 3c Jc 9c]
Seat 1: SoupMac85 (button) collected ($0.96)
Seat 2: hc agorist (small blind) folded on the Turn
Seat 3: B_COPATKY_HA (big blind) folded before Flop
Seat 4: Kralle220787 folded before Flop (didn't bet)
Seat 5: bluejjays folded before Flop (didn't bet)
Seat 6: Rockabill408 folded before Flop



PokerStars Zoom Hand #193678258898:  Hold'em No Limit ($0.01/$0.02) - 2018/11/24 14:32:59 CUST [2018/11/24 1:32:59 ET]
Table 'Halley' 6-max Seat #1 is the button
Seat 1: hc agorist ($2.35 in chips) 
Seat 2: nelsonvc285 ($6.04 in chips) 
Seat 3: alexdg74 ($2.92 in chips) 
Seat 4: Neftot ($2.23 in chips) 
Seat 5: MC Durak ($6.61 in chips) 
Seat 6: soapppp ($2 in chips) 
nelsonvc285: posts small blind $0.01
alexdg74: posts big blind $0.02
*** HOLE CARDS ***
Dealt to hc agorist [Th Qc]
Neftot: raises $0.04 to $0.06
MC Durak has timed out
MC Durak: folds 
soapppp: folds 
hc agorist: folds 
nelsonvc285: folds 
alexdg74: folds 
Uncalled bet ($0.04) returned to Neftot
Neftot collected $0.05 from pot
Neftot: doesn't show hand 
*** SUMMARY ***
Total pot $0.05 | Rake $0 
Seat 1: hc agorist (button) folded before Flop (didn't bet)
Seat 2: nelsonvc285 (small blind) folded before Flop
Seat 3: alexdg74 (big blind) folded before Flop
Seat 4: Neftot collected ($0.05)
Seat 5: MC Durak folded before Flop (didn't bet)
Seat 6: soapppp folded before Flop (didn't bet)



PokerStars Zoom Hand #193678262162:  Hold'em No Limit ($0.01/$0.02) - 2018/11/24 14:33:14 CUST [2018/11/24 1:33:14 ET]
Table 'Halley' 6-max Seat #1 is the button
Seat 1: sorokin21 ($3.14 in chips) 
Seat 2: h.cozy ($0.21 in chips) 
Seat 3: v1per163 ($3.46 in chips) 
Seat 4: Like.a.Bo5s ($3.34 in chips) 
Seat 5: auldstevie ($2.05 in chips) 
Seat 6: hc agorist ($2.35 in chips) 
h.cozy: posts small blind $0.01
v1per163: posts big blind $0.02
*** HOLE CARDS ***
Dealt to hc agorist [Ks Qh]
Like.a.Bo5s: folds 
auldstevie: raises $0.03 to $0.05
hc agorist: calls $0.05
sorokin21: folds 
h.cozy: calls $0.04
v1per163: folds 
*** FLOP *** [As Jc 5s]
h.cozy: checks 
auldstevie: bets $0.10
hc agorist: folds 
h.cozy: folds 
Uncalled bet ($0.10) returned to auldstevie
auldstevie collected $0.16 from pot
auldstevie: doesn't show hand 
*** SUMMARY ***
Total pot $0.17 | Rake $0.01 
Board [As Jc 5s]
Seat 1: sorokin21 (button) folded before Flop (didn't bet)
Seat 2: h.cozy (small blind) folded on the Flop
Seat 3: v1per163 (big blind) folded before Flop
Seat 4: Like.a.Bo5s folded before Flop (didn't bet)
Seat 5: auldstevie collected ($0.16)
Seat 6: hc agorist folded on the Flop



PokerStars Zoom Hand #193678260211:  Hold'em No Limit ($0.01/$0.02) - 2018/11/24 14:33:05 CUST [2018/11/24 1:33:05 ET]
Table 'Halley' 6-max Seat #1 is the button
Seat 1: Ratazzana777 ($8.60 in chips) 
Seat 2: Bacar88 ($2 in chips) 
Seat 3: andy101handy ($0.97 in chips) 
Seat 4: ww410490 ($2.03 in chips) 
Seat 5: kotexboy ($2.56 in chips) 
Seat 6: hc agorist ($2.35 in chips) 
Bacar88: posts small blind $0.01
andy101handy: posts big blind $0.02
*** HOLE CARDS ***
Dealt to hc agorist [Tc Qs]
ww410490: raises $0.04 to $0.06
kotexboy: folds 
hc agorist: folds 
Ratazzana777: folds 
Bacar88: folds 
andy101handy: calls $0.04
*** FLOP *** [3h 7s 6c]
andy101handy: checks 
ww410490: checks 
*** TURN *** [3h 7s 6c] [8c]
andy101handy: bets $0.06
ww410490: calls $0.06
*** RIVER *** [3h 7s 6c 8c] [6s]
andy101handy: bets $0.12
ww410490: folds 
Uncalled bet ($0.12) returned to andy101handy
andy101handy collected $0.24 from pot
andy101handy: doesn't show hand 
*** SUMMARY ***
Total pot $0.25 | Rake $0.01 
Board [3h 7s 6c 8c 6s]
Seat 1: Ratazzana777 (button) folded before Flop (didn't bet)
Seat 2: Bacar88 (small blind) folded before Flop
Seat 3: andy101handy (big blind) collected ($0.24)
Seat 4: ww410490 folded on the River
Seat 5: kotexboy folded before Flop (didn't bet)
Seat 6: hc agorist folded before Flop (didn't bet)



PokerStars Zoom Hand #193678270088:  Hold'em No Limit ($0.01/$0.02) - 2018/11/24 14:33:52 CUST [2018/11/24 1:33:52 ET]
Table 'Halley' 6-max Seat #1 is the button
Seat 1: MikeStarsAAAA ($0.69 in chips) 
Seat 2: Locidogi12 ($3.17 in chips) 
Seat 3: hc agorist ($2.30 in chips) 
Seat 4: SKV_1985 ($2.89 in chips) 
Seat 5: BohdanChubyk ($2.85 in chips) 
Seat 6: tetsupei ($2.32 in chips) 
Locidogi12: posts small blind $0.01
hc agorist: posts big blind $0.02
*** HOLE CARDS ***
Dealt to hc agorist [Qs Ts]
SKV_1985: raises $0.03 to $0.05
BohdanChubyk: folds 
tetsupei: folds 
MikeStarsAAAA: folds 
Locidogi12: folds 
hc agorist: calls $0.03
*** FLOP *** [7c 2s 4h]
hc agorist: checks 
SKV_1985: bets $0.07
hc agorist: raises $0.14 to $0.21
SKV_1985: calls $0.14
*** TURN *** [7c 2s 4h] [9c]
hc agorist: checks 
SKV_1985: bets $0.32
hc agorist: folds 
Uncalled bet ($0.32) returned to SKV_1985
SKV_1985 collected $0.51 from pot
SKV_1985: doesn't show hand 
*** SUMMARY ***
Total pot $0.53 | Rake $0.02 
Board [7c 2s 4h 9c]
Seat 1: MikeStarsAAAA (button) folded before Flop (didn't bet)
Seat 2: Locidogi12 (small blind) folded before Flop
Seat 3: hc agorist (big blind) folded on the Turn
Seat 4: SKV_1985 collected ($0.51)
Seat 5: BohdanChubyk folded before Flop (didn't bet)
Seat 6: tetsupei folded before Flop (didn't bet)



PokerStars Zoom Hand #193678280809:  Hold'em No Limit ($0.01/$0.02) - 2018/11/24 14:34:43 CUST [2018/11/24 1:34:43 ET]
Table 'Halley' 6-max Seat #1 is the button
Seat 1: redhood6 ($2.79 in chips) 
Seat 2: B_COPATKY_HA ($3.28 in chips) 
Seat 3: Kiizu ($2 in chips) 
Seat 4: hc agorist ($2.04 in chips) 
Seat 5: sinster_ca85 ($2.08 in chips) 
Seat 6: alexdg74 ($3.55 in chips) 
B_COPATKY_HA: posts small blind $0.01
Kiizu: posts big blind $0.02
*** HOLE CARDS ***
Dealt to hc agorist [5d 7s]
hc agorist: folds 
sinster_ca85: folds 
alexdg74: folds 
redhood6: folds 
B_COPATKY_HA: folds 
Uncalled bet ($0.01) returned to Kiizu
Kiizu collected $0.02 from pot
Kiizu: doesn't show hand 
*** SUMMARY ***
Total pot $0.02 | Rake $0 
Seat 1: redhood6 (button) folded before Flop (didn't bet)
Seat 2: B_COPATKY_HA (small blind) folded before Flop
Seat 3: Kiizu (big blind) collected ($0.02)
Seat 4: hc agorist folded before Flop (didn't bet)
Seat 5: sinster_ca85 folded before Flop (didn't bet)
Seat 6: alexdg74 folded before Flop (didn't bet)



PokerStars Zoom Hand #193678279289:  Hold'em No Limit ($0.01/$0.02) - 2018/11/24 14:34:36 CUST [2018/11/24 1:34:36 ET]
Table 'Halley' 6-max Seat #1 is the button
Seat 1: mr.Fars ($3.02 in chips) 
Seat 2: redhood6 ($3.36 in chips) 
Seat 3: D0ktt0R ($2 in chips) 
Seat 4: joelox25 ($4.77 in chips) 
Seat 5: hc agorist ($2.04 in chips) 
Seat 6: Bibimbab ($5.94 in chips) 
redhood6: posts small blind $0.01
D0ktt0R: posts big blind $0.02
*** HOLE CARDS ***
Dealt to hc agorist [5h 7d]
joelox25: folds 
hc agorist: folds 
Bibimbab: raises $0.04 to $0.06
mr.Fars: calls $0.06
redhood6: folds 
D0ktt0R: folds 
*** FLOP *** [Ad 3h Kh]
Bibimbab: bets $0.08
mr.Fars: folds 
Uncalled bet ($0.08) returned to Bibimbab
Bibimbab collected $0.14 from pot
Bibimbab: doesn't show hand 
*** SUMMARY ***
Total pot $0.15 | Rake $0.01 
Board [Ad 3h Kh]
Seat 1: mr.Fars (button) folded on the Flop
Seat 2: redhood6 (small blind) folded before Flop
Seat 3: D0ktt0R (big blind) folded before Flop
Seat 4: joelox25 folded before Flop (didn't bet)
Seat 5: hc agorist folded before Flop (didn't bet)
Seat 6: Bibimbab collected ($0.14)



PokerStars Zoom Hand #193678281828:  Hold'em No Limit ($0.01/$0.02) - 2018/11/24 14:34:48 CUST [2018/11/24 1:34:48 ET]
Table 'Halley' 6-max Seat #1 is the button
Seat 1: soapppp ($2 in chips) 
Seat 2: hc agorist ($2.04 in chips) 
Seat 3: alexdg74 ($1.92 in chips) 
Seat 4: SKV_1985 ($2.15 in chips) 
Seat 5: kyljmn ($1.19 in chips) 
Seat 6: D0ktt0R ($1.98 in chips) 
hc agorist: posts small blind $0.01
alexdg74: posts big blind $0.02
*** HOLE CARDS ***
Dealt to hc agorist [Jc Qc]
SKV_1985: folds 
kyljmn: folds 
D0ktt0R: folds 
soapppp: folds 
hc agorist: raises $0.02 to $0.04
alexdg74: calls $0.02
*** FLOP *** [Ah As 2s]
hc agorist: checks 
alexdg74: checks 
*** TURN *** [Ah As 2s] [9d]
hc agorist: checks 
alexdg74: checks 
*** RIVER *** [Ah As 2s 9d] [Ts]
hc agorist: checks 
alexdg74: checks 
*** SHOW DOWN ***
hc agorist: shows [Jc Qc] (a pair of Aces)
alexdg74: shows [5d 2d] (two pair, Aces and Deuces)
alexdg74 collected $0.08 from pot
*** SUMMARY ***
Total pot $0.08 | Rake $0 
Board [Ah As 2s 9d Ts]
Seat 1: soapppp (button) folded before Flop (didn't bet)
Seat 2: hc agorist (small blind) showed [Jc Qc] and lost with a pair of Aces
Seat 3: alexdg74 (big blind) showed [5d 2d] and won ($0.08) with two pair, Aces and Deuces
Seat 4: SKV_1985 folded before Flop (didn't bet)
Seat 5: kyljmn folded before Flop (didn't bet)
Seat 6: D0ktt0R folded before Flop (didn't bet)



PokerStars Zoom Hand #193678290084:  Hold'em No Limit ($0.01/$0.02) - 2018/11/24 14:35:27 CUST [2018/11/24 1:35:27 ET]
Table 'Halley' 6-max Seat #1 is the button
Seat 1: hc agorist ($2 in chips) 
Seat 2: Agno$tic ($7.63 in chips) 
Seat 3: MR.xvxvxv ($3.31 in chips) 
Seat 4: RECHUK ($1 in chips) 
Seat 5: luisfajetti.v ($4.03 in chips) 
Seat 6: PE8512 ($6.68 in chips) 
Agno$tic: posts small blind $0.01
MR.xvxvxv: posts big blind $0.02
*** HOLE CARDS ***
Dealt to hc agorist [Js 7d]
RECHUK: folds 
luisfajetti.v: folds 
PE8512: folds 
hc agorist: folds 
Agno$tic: folds 
Uncalled bet ($0.01) returned to MR.xvxvxv
MR.xvxvxv collected $0.02 from pot
MR.xvxvxv: doesn't show hand 
*** SUMMARY ***
Total pot $0.02 | Rake $0 
Seat 1: hc agorist (button) folded before Flop (didn't bet)
Seat 2: Agno$tic (small blind) folded before Flop
Seat 3: MR.xvxvxv (big blind) collected ($0.02)
Seat 4: RECHUK folded before Flop (didn't bet)
Seat 5: luisfajetti.v folded before Flop (didn't bet)
Seat 6: PE8512 folded before Flop (didn't bet)



PokerStars Zoom Hand #193678289228:  Hold'em No Limit ($0.01/$0.02) - 2018/11/24 14:35:23 CUST [2018/11/24 1:35:23 ET]
Table 'Halley' 6-max Seat #1 is the button
Seat 1: kakoytotip ($2.21 in chips) 
Seat 2: B_COPATKY_HA ($3.28 in chips) 
Seat 3: sorokin21 ($3.30 in chips) 
Seat 4: kyoubaku ($2.36 in chips) 
Seat 5: BohdanChubyk ($2.77 in chips) 
Seat 6: hc agorist ($2 in chips) 
B_COPATKY_HA: posts small blind $0.01
sorokin21: posts big blind $0.02
*** HOLE CARDS ***
Dealt to hc agorist [Jd 2c]
kyoubaku: folds 
BohdanChubyk: raises $0.04 to $0.06
hc agorist: folds 
kakoytotip: folds 
B_COPATKY_HA: folds 
sorokin21: folds 
Uncalled bet ($0.04) returned to BohdanChubyk
BohdanChubyk collected $0.05 from pot
BohdanChubyk: doesn't show hand 
*** SUMMARY ***
Total pot $0.05 | Rake $0 
Seat 1: kakoytotip (button) folded before Flop (didn't bet)
Seat 2: B_COPATKY_HA (small blind) folded before Flop
Seat 3: sorokin21 (big blind) folded before Flop
Seat 4: kyoubaku folded before Flop (didn't bet)
Seat 5: BohdanChubyk collected ($0.05)
Seat 6: hc agorist folded before Flop (didn't bet)



PokerStars Zoom Hand #193678290928:  Hold'em No Limit ($0.01/$0.02) - 2018/11/24 14:35:31 CUST [2018/11/24 1:35:31 ET]
Table 'Halley' 6-max Seat #1 is the button
Seat 1: luka1981good ($2 in chips) 
Seat 2: Williwacker9 ($2.22 in chips) 
Seat 3: sorokinpv36 ($2.10 in chips) 
Seat 4: halesc19 ($1.86 in chips) 
Seat 5: hc agorist ($2 in chips) 
Seat 6: MikeStarsAAAA ($0.77 in chips) 
Williwacker9: posts small blind $0.01
sorokinpv36: posts big blind $0.02
*** HOLE CARDS ***
Dealt to hc agorist [7h 5s]
halesc19: folds 
hc agorist: folds 
MikeStarsAAAA: folds 
luka1981good: folds 
Williwacker9: folds 
Uncalled bet ($0.01) returned to sorokinpv36
sorokinpv36 collected $0.02 from pot
sorokinpv36: doesn't show hand 
*** SUMMARY ***
Total pot $0.02 | Rake $0 
Seat 1: luka1981good (button) folded before Flop (didn't bet)
Seat 2: Williwacker9 (small blind) folded before Flop
Seat 3: sorokinpv36 (big blind) collected ($0.02)
Seat 4: halesc19 folded before Flop (didn't bet)
Seat 5: hc agorist folded before Flop (didn't bet)
Seat 6: MikeStarsAAAA folded before Flop (didn't bet)



PokerStars Zoom Hand #193678292190:  Hold'em No Limit ($0.01/$0.02) - 2018/11/24 14:35:37 CUST [2018/11/24 1:35:37 ET]
Table 'Halley' 6-max Seat #1 is the button
Seat 1: DRONI RUS ($2.19 in chips) 
Seat 2: setzerr55 ($1.70 in chips) 
Seat 3: hc agorist ($2 in chips) 
Seat 4: PE8512 ($1.45 in chips) 
Seat 5: almanik ($1.28 in chips) 
Seat 6: coic0098 ($2.36 in chips) 
setzerr55: posts small blind $0.01
hc agorist: posts big blind $0.02
*** HOLE CARDS ***
Dealt to hc agorist [2c 5s]
PE8512: raises $0.04 to $0.06
almanik: calls $0.06
coic0098: calls $0.06
DRONI RUS: folds 
setzerr55: folds 
hc agorist: folds 
*** FLOP *** [Ac 6d 2d]
PE8512: bets $0.10
almanik: folds 
coic0098: folds 
Uncalled bet ($0.10) returned to PE8512
PE8512 collected $0.20 from pot
PE8512: doesn't show hand 
*** SUMMARY ***
Total pot $0.21 | Rake $0.01 
Board [Ac 6d 2d]
Seat 1: DRONI RUS (button) folded before Flop (didn't bet)
Seat 2: setzerr55 (small blind) folded before Flop
Seat 3: hc agorist (big blind) folded before Flop
Seat 4: PE8512 collected ($0.20)
Seat 5: almanik folded on the Flop
Seat 6: coic0098 folded on the Flop



PokerStars Zoom Hand #193678294315:  Hold'em No Limit ($0.01/$0.02) - 2018/11/24 14:35:47 CUST [2018/11/24 1:35:47 ET]
Table 'Halley' 6-max Seat #1 is the button
Seat 1: YTAKF ($3.34 in chips) 
Seat 2: hc agorist ($1.98 in chips) 
Seat 3: slava031091 ($2.64 in chips) 
Seat 4: HeyItsM3 ($3.95 in chips) 
Seat 5: 1elCreador1 ($3.57 in chips) 
Seat 6: demon7521 ($1.71 in chips) 
hc agorist: posts small blind $0.01
slava031091: posts big blind $0.02
*** HOLE CARDS ***
Dealt to hc agorist [2s Qh]
HeyItsM3: folds 
1elCreador1: folds 
demon7521: folds 
YTAKF: calls $0.02
hc agorist: folds 
slava031091: checks 
*** FLOP *** [Ks 3h 9h]
slava031091: checks 
YTAKF: bets $0.02
slava031091: folds 
Uncalled bet ($0.02) returned to YTAKF
YTAKF collected $0.05 from pot
YTAKF: doesn't show hand 
*** SUMMARY ***
Total pot $0.05 | Rake $0 
Board [Ks 3h 9h]
Seat 1: YTAKF (button) collected ($0.05)
Seat 2: hc agorist (small blind) folded before Flop
Seat 3: slava031091 (big blind) folded on the Flop
Seat 4: HeyItsM3 folded before Flop (didn't bet)
Seat 5: 1elCreador1 folded before Flop (didn't bet)
Seat 6: demon7521 folded before Flop (didn't bet)



PokerStars Zoom Hand #193678298397:  Hold'em No Limit ($0.01/$0.02) - 2018/11/24 14:36:07 CUST [2018/11/24 1:36:07 ET]
Table 'Halley' 6-max Seat #1 is the button
Seat 1: hc agorist ($1.97 in chips) 
Seat 2: demon7521 ($3.95 in chips) 
Seat 3: kenbou777 ($2.09 in chips) 
Seat 4: Svetlana-ck ($0.61 in chips) 
Seat 5: Jamilitaktak ($1.48 in chips) 
Seat 6: hitomine+ ($3.05 in chips) 
demon7521: posts small blind $0.01
kenbou777: posts big blind $0.02
*** HOLE CARDS ***
Dealt to hc agorist [4h 7h]
Svetlana-ck: folds 
Jamilitaktak: folds 
hitomine+: raises $0.02 to $0.04
hc agorist: raises $0.10 to $0.14
demon7521: folds 
kenbou777: folds 
hitomine+: folds 
Uncalled bet ($0.10) returned to hc agorist
hc agorist collected $0.11 from pot
hc agorist: doesn't show hand 
*** SUMMARY ***
Total pot $0.11 | Rake $0 
Seat 1: hc agorist (button) collected ($0.11)
Seat 2: demon7521 (small blind) folded before Flop
Seat 3: kenbou777 (big blind) folded before Flop
Seat 4: Svetlana-ck folded before Flop (didn't bet)
Seat 5: Jamilitaktak folded before Flop (didn't bet)
Seat 6: hitomine+ folded before Flop



PokerStars Zoom Hand #193678296534:  Hold'em No Limit ($0.01/$0.02) - 2018/11/24 14:35:58 CUST [2018/11/24 1:35:58 ET]
Table 'Halley' 6-max Seat #1 is the button
Seat 1: fumd54 ($2 in chips) 
Seat 2: GipnogriF ($1.32 in chips) 
Seat 3: Airmax9527 ($1.28 in chips) 
Seat 4: vlodek-k ($1.93 in chips) 
Seat 5: hc agorist ($1.97 in chips) 
Seat 6: Agno$tic ($2 in chips) 
GipnogriF: posts small blind $0.01
Airmax9527: posts big blind $0.02
*** HOLE CARDS ***
Dealt to hc agorist [9s 4d]
vlodek-k: folds 
hc agorist: folds 
Agno$tic: folds 
fumd54: folds 
GipnogriF: raises $0.04 to $0.06
Airmax9527: raises $0.12 to $0.18
GipnogriF: calls $0.12
*** FLOP *** [6s 9c 4s]
GipnogriF: checks 
Airmax9527: bets $0.33
GipnogriF: folds 
Uncalled bet ($0.33) returned to Airmax9527
Airmax9527 collected $0.35 from pot
Airmax9527: doesn't show hand 
*** SUMMARY ***
Total pot $0.36 | Rake $0.01 
Board [6s 9c 4s]
Seat 1: fumd54 (button) folded before Flop (didn't bet)
Seat 2: GipnogriF (small blind) folded on the Flop
Seat 3: Airmax9527 (big blind) collected ($0.35)
Seat 4: vlodek-k folded before Flop (didn't bet)
Seat 5: hc agorist folded before Flop (didn't bet)
Seat 6: Agno$tic folded before Flop (didn't bet)



PokerStars Zoom Hand #193678301361:  Hold'em No Limit ($0.01/$0.02) - 2018/11/24 14:36:21 CUST [2018/11/24 1:36:21 ET]
Table 'Halley' 6-max Seat #1 is the button
Seat 1: Airmax9527 ($1.93 in chips) 
Seat 2: Maverick_JPR ($3.93 in chips) 
Seat 3: bocha1943 ($2 in chips) 
Seat 4: hc agorist ($2.04 in chips) 
Seat 5: HeyItsM3 ($2.05 in chips) 
Seat 6: n97845461 ($7.59 in chips) 
Maverick_JPR: posts small blind $0.01
bocha1943: posts big blind $0.02
*** HOLE CARDS ***
Dealt to hc agorist [Kc 8s]
hc agorist: folds 
HeyItsM3: folds 
n97845461: raises $0.03 to $0.05
Airmax9527: raises $0.13 to $0.18
Maverick_JPR: folds 
bocha1943: folds 
n97845461: calls $0.13
*** FLOP *** [9d 4c 6h]
n97845461: checks 
Airmax9527: bets $0.15
n97845461: folds 
Uncalled bet ($0.15) returned to Airmax9527
Airmax9527 collected $0.38 from pot
Airmax9527: doesn't show hand 
*** SUMMARY ***
Total pot $0.39 | Rake $0.01 
Board [9d 4c 6h]
Seat 1: Airmax9527 (button) collected ($0.38)
Seat 2: Maverick_JPR (small blind) folded before Flop
Seat 3: bocha1943 (big blind) folded before Flop
Seat 4: hc agorist folded before Flop (didn't bet)
Seat 5: HeyItsM3 folded before Flop (didn't bet)
Seat 6: n97845461 folded on the Flop



PokerStars Zoom Hand #193678303450:  Hold'em No Limit ($0.01/$0.02) - 2018/11/24 14:36:31 CUST [2018/11/24 1:36:31 ET]
Table 'Halley' 6-max Seat #1 is the button
Seat 1: SanSanF55 ($1.97 in chips) 
Seat 2: RECHUK ($6.23 in chips) 
Seat 3: hc agorist ($2.04 in chips) 
Seat 4: Neftot ($2 in chips) 
Seat 5: kilingdude ($2.70 in chips) 
Seat 6: bablorun ($3.36 in chips) 
RECHUK: posts small blind $0.01
hc agorist: posts big blind $0.02
*** HOLE CARDS ***
Dealt to hc agorist [Th Td]
Neftot: folds 
kilingdude: folds 
bablorun: folds 
SanSanF55: folds 
RECHUK: raises $0.03 to $0.05
hc agorist: raises $0.10 to $0.15
RECHUK: folds 
Uncalled bet ($0.10) returned to hc agorist
hc agorist collected $0.10 from pot
hc agorist: doesn't show hand 
*** SUMMARY ***
Total pot $0.10 | Rake $0 
Seat 1: SanSanF55 (button) folded before Flop (didn't bet)
Seat 2: RECHUK (small blind) folded before Flop
Seat 3: hc agorist (big blind) collected ($0.10)
Seat 4: Neftot folded before Flop (didn't bet)
Seat 5: kilingdude folded before Flop (didn't bet)
Seat 6: bablorun folded before Flop (didn't bet)



PokerStars Zoom Hand #193678302434:  Hold'em No Limit ($0.01/$0.02) - 2018/11/24 14:36:26 CUST [2018/11/24 1:36:26 ET]
Table 'Halley' 6-max Seat #1 is the button
Seat 1: Mr.Folddddd ($1.07 in chips) 
Seat 2: sseldog1859 ($2.61 in chips) 
Seat 3: Maverick_JPR ($2.38 in chips) 
Seat 4: hc agorist ($2.04 in chips) 
Seat 5: rull230 ($2.03 in chips) 
Seat 6: MR.xvxvxv ($3.37 in chips) 
sseldog1859: posts small blind $0.01
Maverick_JPR: posts big blind $0.02
*** HOLE CARDS ***
Dealt to hc agorist [5c 2s]
hc agorist: folds 
rull230: raises $0.03 to $0.05
MR.xvxvxv: folds 
Mr.Folddddd: folds 
sseldog1859: calls $0.04
Maverick_JPR: folds 
*** FLOP *** [5d Ks Td]
sseldog1859: checks 
rull230: checks 
*** TURN *** [5d Ks Td] [7s]
sseldog1859: checks 
rull230: checks 
*** RIVER *** [5d Ks Td 7s] [7d]
sseldog1859: bets $0.06
rull230: folds 
Uncalled bet ($0.06) returned to sseldog1859
sseldog1859 collected $0.12 from pot
sseldog1859: doesn't show hand 
*** SUMMARY ***
Total pot $0.12 | Rake $0 
Board [5d Ks Td 7s 7d]
Seat 1: Mr.Folddddd (button) folded before Flop (didn't bet)
Seat 2: sseldog1859 (small blind) collected ($0.12)
Seat 3: Maverick_JPR (big blind) folded before Flop
Seat 4: hc agorist folded before Flop (didn't bet)
Seat 5: rull230 folded on the River
Seat 6: MR.xvxvxv folded before Flop (didn't bet)



PokerStars Zoom Hand #193678308311:  Hold'em No Limit ($0.01/$0.02) - 2018/11/24 14:36:54 CUST [2018/11/24 1:36:54 ET]
Table 'Halley' 6-max Seat #1 is the button
Seat 1: DRONI RUS ($2.10 in chips) 
Seat 2: Burvinik ($2.65 in chips) 
Seat 3: Agno$tic ($7.54 in chips) 
Seat 4: hc agorist ($2.09 in chips) 
Seat 5: ThunderMan15 ($1.08 in chips) 
Seat 6: kyoubaku ($5.99 in chips) 
Burvinik: posts small blind $0.01
Agno$tic: posts big blind $0.02
*** HOLE CARDS ***
Dealt to hc agorist [Kd 3s]
hc agorist: folds 
ThunderMan15: folds 
kyoubaku: folds 
DRONI RUS: raises $0.03 to $0.05
Burvinik: calls $0.04
Agno$tic: calls $0.03
*** FLOP *** [2d 6d 3c]
Burvinik: checks 
Agno$tic: checks 
DRONI RUS: checks 
*** TURN *** [2d 6d 3c] [Tc]
Burvinik: bets $0.10
Agno$tic: raises $0.34 to $0.44
DRONI RUS: folds 
Burvinik: folds 
Uncalled bet ($0.34) returned to Agno$tic
Agno$tic collected $0.34 from pot
Agno$tic: doesn't show hand 
*** SUMMARY ***
Total pot $0.35 | Rake $0.01 
Board [2d 6d 3c Tc]
Seat 1: DRONI RUS (button) folded on the Turn
Seat 2: Burvinik (small blind) folded on the Turn
Seat 3: Agno$tic (big blind) collected ($0.34)
Seat 4: hc agorist folded before Flop (didn't bet)
Seat 5: ThunderMan15 folded before Flop (didn't bet)
Seat 6: kyoubaku folded before Flop (didn't bet)



PokerStars Zoom Hand #193678309636:  Hold'em No Limit ($0.01/$0.02) - 2018/11/24 14:37:00 CUST [2018/11/24 1:37:00 ET]
Table 'Halley' 6-max Seat #1 is the button
Seat 1: Oli_pags ($2.33 in chips) 
Seat 2: hc agorist ($2.09 in chips) 
Seat 3: Sapoquer ($1.44 in chips) 
Seat 4: joelox25 ($4.54 in chips) 
Seat 5: Airmax9527 ($2.13 in chips) 
Seat 6: hlolxvnj ($2 in chips) 
hc agorist: posts small blind $0.01
Sapoquer: posts big blind $0.02
*** HOLE CARDS ***
Dealt to hc agorist [Ah Ac]
joelox25: folds 
Airmax9527: folds 
hlolxvnj: raises $0.04 to $0.06
Oli_pags: folds 
hc agorist: raises $0.14 to $0.20
Sapoquer: calls $0.18
hlolxvnj: calls $0.14
*** FLOP *** [6s 4d 3c]
hc agorist: bets $0.28
Sapoquer: folds 
hlolxvnj: folds 
Uncalled bet ($0.28) returned to hc agorist
hc agorist collected $0.58 from pot
hc agorist: doesn't show hand 
*** SUMMARY ***
Total pot $0.60 | Rake $0.02 
Board [6s 4d 3c]
Seat 1: Oli_pags (button) folded before Flop (didn't bet)
Seat 2: hc agorist (small blind) collected ($0.58)
Seat 3: Sapoquer (big blind) folded on the Flop
Seat 4: joelox25 folded before Flop (didn't bet)
Seat 5: Airmax9527 folded before Flop (didn't bet)
Seat 6: hlolxvnj folded on the Flop



PokerStars Zoom Hand #193678321273:  Hold'em No Limit ($0.01/$0.02) - 2018/11/24 14:37:55 CUST [2018/11/24 1:37:55 ET]
Table 'Halley' 6-max Seat #1 is the button
Seat 1: alefego87 ($2.85 in chips) 
Seat 2: Seemers ($1.80 in chips) 
Seat 3: redhood6 ($2.58 in chips) 
Seat 4: 666---kOKo-- ($2 in chips) 
Seat 5: hc agorist ($2.47 in chips) 
Seat 6: Like.a.Bo5s ($2 in chips) 
Seemers: posts small blind $0.01
redhood6: posts big blind $0.02
*** HOLE CARDS ***
Dealt to hc agorist [7h 6d]
666---kOKo--: raises $0.04 to $0.06
hc agorist: folds 
Like.a.Bo5s: folds 
alefego87: folds 
Seemers: raises $1.74 to $1.80 and is all-in
redhood6: folds 
666---kOKo--: folds 
Uncalled bet ($1.74) returned to Seemers
Seemers collected $0.14 from pot
Seemers: doesn't show hand 
*** SUMMARY ***
Total pot $0.14 | Rake $0 
Seat 1: alefego87 (button) folded before Flop (didn't bet)
Seat 2: Seemers (small blind) collected ($0.14)
Seat 3: redhood6 (big blind) folded before Flop
Seat 4: 666---kOKo-- folded before Flop
Seat 5: hc agorist folded before Flop (didn't bet)
Seat 6: Like.a.Bo5s folded before Flop (didn't bet)



PokerStars Zoom Hand #193678322737:  Hold'em No Limit ($0.01/$0.02) - 2018/11/24 14:38:02 CUST [2018/11/24 1:38:02 ET]
Table 'Halley' 6-max Seat #1 is the button
Seat 1: A.M.Knuckle ($10.58 in chips) 
Seat 2: Like.a.Bo5s ($2.45 in chips) 
Seat 3: hc agorist ($2.47 in chips) 
Seat 4: di0880 ($0.64 in chips) 
Seat 5: Limon4ik182 ($2.65 in chips) 
Seat 6: freeler ($2.86 in chips) 
Like.a.Bo5s: posts small blind $0.01
hc agorist: posts big blind $0.02
*** HOLE CARDS ***
Dealt to hc agorist [Tc 7c]
di0880: folds 
Limon4ik182: folds 
freeler: folds 
A.M.Knuckle: raises $0.03 to $0.05
Like.a.Bo5s: folds 
hc agorist: calls $0.03
*** FLOP *** [Ts 3s Qd]
hc agorist: checks 
A.M.Knuckle: checks 
*** TURN *** [Ts 3s Qd] [Ah]
hc agorist: checks 
A.M.Knuckle: bets $0.09
hc agorist: folds 
Uncalled bet ($0.09) returned to A.M.Knuckle
A.M.Knuckle collected $0.11 from pot
A.M.Knuckle: doesn't show hand 
*** SUMMARY ***
Total pot $0.11 | Rake $0 
Board [Ts 3s Qd Ah]
Seat 1: A.M.Knuckle (button) collected ($0.11)
Seat 2: Like.a.Bo5s (small blind) folded before Flop
Seat 3: hc agorist (big blind) folded on the Turn
Seat 4: di0880 folded before Flop (didn't bet)
Seat 5: Limon4ik182 folded before Flop (didn't bet)
Seat 6: freeler folded before Flop (didn't bet)



PokerStars Zoom Hand #193678320236:  Hold'em No Limit ($0.01/$0.02) - 2018/11/24 14:37:50 CUST [2018/11/24 1:37:50 ET]
Table 'Halley' 6-max Seat #1 is the button
Seat 1: Agno$tic ($2.08 in chips) 
Seat 2: DiegoARS17 ($4.29 in chips) 
Seat 3: Chicou69 ($3.90 in chips) 
Seat 4: mslima88 ($2.22 in chips) 
Seat 5: RIMMM867 ($1.28 in chips) 
Seat 6: hc agorist ($2.47 in chips) 
DiegoARS17: posts small blind $0.01
Chicou69: posts big blind $0.02
*** HOLE CARDS ***
Dealt to hc agorist [9s 4h]
mslima88: calls $0.02
RIMMM867: raises $0.07 to $0.09
hc agorist: folds 
Agno$tic: folds 
DiegoARS17: calls $0.08
Chicou69: folds 
mslima88: folds 
*** FLOP *** [8d 7d Jc]
DiegoARS17: bets $0.11
RIMMM867: raises $1.08 to $1.19 and is all-in
DiegoARS17: folds 
Uncalled bet ($1.08) returned to RIMMM867
RIMMM867 collected $0.42 from pot
RIMMM867: doesn't show hand 
*** SUMMARY ***
Total pot $0.44 | Rake $0.02 
Board [8d 7d Jc]
Seat 1: Agno$tic (button) folded before Flop (didn't bet)
Seat 2: DiegoARS17 (small blind) folded on the Flop
Seat 3: Chicou69 (big blind) folded before Flop
Seat 4: mslima88 folded before Flop
Seat 5: RIMMM867 collected ($0.42)
Seat 6: hc agorist folded before Flop (didn't bet)



PokerStars Zoom Hand #193678329974:  Hold'em No Limit ($0.01/$0.02) - 2018/11/24 14:38:36 CUST [2018/11/24 1:38:36 ET]
Table 'Halley' 6-max Seat #1 is the button
Seat 1: hc agorist ($2.42 in chips) 
Seat 2: Williwacker9 ($2.14 in chips) 
Seat 3: sinster_ca85 ($3.78 in chips) 
Seat 4: furrrrt ($1.75 in chips) 
Seat 5: alexrain600 ($6.78 in chips) 
Seat 6: RIMMM867 ($1.50 in chips) 
Williwacker9: posts small blind $0.01
sinster_ca85: posts big blind $0.02
*** HOLE CARDS ***
Dealt to hc agorist [Jd Kh]
furrrrt: folds 
alexrain600: folds 
RIMMM867: folds 
hc agorist: raises $0.02 to $0.04
Williwacker9: raises $0.12 to $0.16
sinster_ca85: folds 
hc agorist: folds 
Uncalled bet ($0.12) returned to Williwacker9
Williwacker9 collected $0.10 from pot
Williwacker9: doesn't show hand 
*** SUMMARY ***
Total pot $0.10 | Rake $0 
Seat 1: hc agorist (button) folded before Flop
Seat 2: Williwacker9 (small blind) collected ($0.10)
Seat 3: sinster_ca85 (big blind) folded before Flop
Seat 4: furrrrt folded before Flop (didn't bet)
Seat 5: alexrain600 folded before Flop (didn't bet)
Seat 6: RIMMM867 folded before Flop (didn't bet)



PokerStars Zoom Hand #193678334602:  Hold'em No Limit ($0.01/$0.02) - 2018/11/24 14:38:58 CUST [2018/11/24 1:38:58 ET]
Table 'Halley' 6-max Seat #1 is the button
Seat 1: hc agorist ($2.38 in chips) 
Seat 2: FullJay59 ($3.55 in chips) 
Seat 3: Nossna ($2.15 in chips) 
Seat 4: kenbou777 ($2.03 in chips) 
Seat 5: Randal000 ($3.05 in chips) 
Seat 6: MTLPokerFace ($2 in chips) 
FullJay59: posts small blind $0.01
Nossna: posts big blind $0.02
*** HOLE CARDS ***
Dealt to hc agorist [2c 6s]
kenbou777: folds 
Randal000: folds 
MTLPokerFace: folds 
hc agorist: folds 
FullJay59: raises $0.04 to $0.06
Nossna: folds 
Uncalled bet ($0.04) returned to FullJay59
FullJay59 collected $0.04 from pot
FullJay59: doesn't show hand 
*** SUMMARY ***
Total pot $0.04 | Rake $0 
Seat 1: hc agorist (button) folded before Flop (didn't bet)
Seat 2: FullJay59 (small blind) collected ($0.04)
Seat 3: Nossna (big blind) folded before Flop
Seat 4: kenbou777 folded before Flop (didn't bet)
Seat 5: Randal000 folded before Flop (didn't bet)
Seat 6: MTLPokerFace folded before Flop (didn't bet)



PokerStars Zoom Hand #193678335876:  Hold'em No Limit ($0.01/$0.02) - 2018/11/24 14:39:04 CUST [2018/11/24 1:39:04 ET]
Table 'Halley' 6-max Seat #1 is the button
Seat 1: ww410490 ($1.30 in chips) 
Seat 2: hc agorist ($2.38 in chips) 
Seat 3: Damian36215 ($11.22 in chips) 
Seat 4: B_COPATKY_HA ($2 in chips) 
Seat 5: Dani288 ($3.27 in chips) 
Seat 6: Nik-NIk75 ($0.59 in chips) 
hc agorist: posts small blind $0.01
Damian36215: posts big blind $0.02
*** HOLE CARDS ***
Dealt to hc agorist [5s Jc]
B_COPATKY_HA: folds 
Dani288: raises $0.04 to $0.06
Nik-NIk75: folds 
ww410490: folds 
hc agorist: folds 
Damian36215: folds 
Uncalled bet ($0.04) returned to Dani288
Dani288 collected $0.05 from pot
Dani288: doesn't show hand 
*** SUMMARY ***
Total pot $0.05 | Rake $0 
Seat 1: ww410490 (button) folded before Flop (didn't bet)
Seat 2: hc agorist (small blind) folded before Flop
Seat 3: Damian36215 (big blind) folded before Flop
Seat 4: B_COPATKY_HA folded before Flop (didn't bet)
Seat 5: Dani288 collected ($0.05)
Seat 6: Nik-NIk75 folded before Flop (didn't bet)



PokerStars Zoom Hand #193678336943:  Hold'em No Limit ($0.01/$0.02) - 2018/11/24 14:39:09 CUST [2018/11/24 1:39:09 ET]
Table 'Halley' 6-max Seat #1 is the button
Seat 1: nelsonvc285 ($6.80 in chips) 
Seat 2: massaro_vet ($1.96 in chips) 
Seat 3: Money$$8874 ($2 in chips) 
Seat 4: j.yamamoto ($3.52 in chips) 
Seat 5: hc agorist ($2.37 in chips) 
Seat 6: sun10011 ($2 in chips) 
massaro_vet: posts small blind $0.01
Money$$8874: posts big blind $0.02
*** HOLE CARDS ***
Dealt to hc agorist [4h 2c]
j.yamamoto: folds 
hc agorist: folds 
sun10011: folds 
nelsonvc285: folds 
massaro_vet: folds 
Uncalled bet ($0.01) returned to Money$$8874
Money$$8874 collected $0.02 from pot
Money$$8874: doesn't show hand 
*** SUMMARY ***
Total pot $0.02 | Rake $0 
Seat 1: nelsonvc285 (button) folded before Flop (didn't bet)
Seat 2: massaro_vet (small blind) folded before Flop
Seat 3: Money$$8874 (big blind) collected ($0.02)
Seat 4: j.yamamoto folded before Flop (didn't bet)
Seat 5: hc agorist folded before Flop (didn't bet)
Seat 6: sun10011 folded before Flop (didn't bet)



PokerStars Zoom Hand #193678338187:  Hold'em No Limit ($0.01/$0.02) - 2018/11/24 14:39:15 CUST [2018/11/24 1:39:15 ET]
Table 'Halley' 6-max Seat #1 is the button
Seat 1: furrrrt ($1.86 in chips) 
Seat 2: D0ktt0R ($1.75 in chips) 
Seat 3: Locidogi12 ($3.20 in chips) 
Seat 4: vlodek-k ($1.57 in chips) 
Seat 5: yanak678 ($2.72 in chips) 
Seat 6: hc agorist ($2.37 in chips) 
D0ktt0R: posts small blind $0.01
Locidogi12: posts big blind $0.02
*** HOLE CARDS ***
Dealt to hc agorist [7s 5h]
vlodek-k: folds 
yanak678: raises $0.02 to $0.04
hc agorist: folds 
furrrrt: folds 
D0ktt0R: folds 
Locidogi12: calls $0.02
*** FLOP *** [Qd 5c 8h]
Locidogi12: checks 
yanak678: checks 
*** TURN *** [Qd 5c 8h] [Tc]
Locidogi12: bets $0.09
yanak678: folds 
Uncalled bet ($0.09) returned to Locidogi12
Locidogi12 collected $0.09 from pot
Locidogi12: doesn't show hand 
*** SUMMARY ***
Total pot $0.09 | Rake $0 
Board [Qd 5c 8h Tc]
Seat 1: furrrrt (button) folded before Flop (didn't bet)
Seat 2: D0ktt0R (small blind) folded before Flop
Seat 3: Locidogi12 (big blind) collected ($0.09)
Seat 4: vlodek-k folded before Flop (didn't bet)
Seat 5: yanak678 folded on the Turn
Seat 6: hc agorist folded before Flop (didn't bet)



PokerStars Zoom Hand #193678339274:  Hold'em No Limit ($0.01/$0.02) - 2018/11/24 14:39:20 CUST [2018/11/24 1:39:20 ET]
Table 'Halley' 6-max Seat #1 is the button
Seat 1: Maverick_JPR ($3.84 in chips) 
Seat 2: rambo_loo ($2.03 in chips) 
Seat 3: Moonshine Joe ($2 in chips) 
Seat 4: Malczev ($0.82 in chips) 
Seat 5: alexrain600 ($6.79 in chips) 
Seat 6: hc agorist ($2.37 in chips) 
rambo_loo: posts small blind $0.01
Moonshine Joe: posts big blind $0.02
*** HOLE CARDS ***
Dealt to hc agorist [Td 5d]
Malczev: raises $0.02 to $0.04
alexrain600: folds 
hc agorist: folds 
Maverick_JPR: folds 
rambo_loo: folds 
Moonshine Joe: folds 
Uncalled bet ($0.02) returned to Malczev
Malczev collected $0.05 from pot
Malczev: doesn't show hand 
*** SUMMARY ***
Total pot $0.05 | Rake $0 
Seat 1: Maverick_JPR (button) folded before Flop (didn't bet)
Seat 2: rambo_loo (small blind) folded before Flop
Seat 3: Moonshine Joe (big blind) folded before Flop
Seat 4: Malczev collected ($0.05)
Seat 5: alexrain600 folded before Flop (didn't bet)
Seat 6: hc agorist folded before Flop (didn't bet)



PokerStars Zoom Hand #193678340736:  Hold'em No Limit ($0.01/$0.02) - 2018/11/24 14:39:27 CUST [2018/11/24 1:39:27 ET]
Table 'Halley' 6-max Seat #1 is the button
Seat 1: Luschex2 ($2.08 in chips) 
Seat 2: maauurija ($2.26 in chips) 
Seat 3: hc agorist ($2.37 in chips) 
Seat 4: Karel33555 ($2.99 in chips) 
Seat 5: 420david ($0.65 in chips) 
Seat 6: Anthony00087 ($7.36 in chips) 
maauurija: posts small blind $0.01
hc agorist: posts big blind $0.02
*** HOLE CARDS ***
Dealt to hc agorist [Kh Jh]
Karel33555: folds 
420david: raises $0.04 to $0.06
Anthony00087: folds 
Luschex2: folds 
maauurija: calls $0.05
hc agorist: calls $0.04
*** FLOP *** [9h Kc Qc]
maauurija: checks 
hc agorist: checks 
420david: checks 
*** TURN *** [9h Kc Qc] [4c]
maauurija: checks 
hc agorist: bets $0.12
420david: calls $0.12
maauurija: folds 
*** RIVER *** [9h Kc Qc 4c] [3c]
hc agorist: checks 
420david: bets $0.14
hc agorist: folds 
Uncalled bet ($0.14) returned to 420david
420david collected $0.41 from pot
420david: doesn't show hand 
*** SUMMARY ***
Total pot $0.42 | Rake $0.01 
Board [9h Kc Qc 4c 3c]
Seat 1: Luschex2 (button) folded before Flop (didn't bet)
Seat 2: maauurija (small blind) folded on the Turn
Seat 3: hc agorist (big blind) folded on the River
Seat 4: Karel33555 folded before Flop (didn't bet)
Seat 5: 420david collected ($0.41)
Seat 6: Anthony00087 folded before Flop (didn't bet)



PokerStars Zoom Hand #193678352807:  Hold'em No Limit ($0.01/$0.02) - 2018/11/24 14:40:24 CUST [2018/11/24 1:40:24 ET]
Table 'Halley' 6-max Seat #1 is the button
Seat 1: kenbou777 ($2.08 in chips) 
Seat 2: nagolr97 ($2 in chips) 
Seat 3: joelox25 ($3.47 in chips) 
Seat 4: Roman197430 ($3.95 in chips) 
Seat 5: hc agorist ($2.19 in chips) 
Seat 6: Jast4Fan95 ($5.12 in chips) 
nagolr97: posts small blind $0.01
joelox25: posts big blind $0.02
*** HOLE CARDS ***
Dealt to hc agorist [5h Qd]
Roman197430: folds 
hc agorist: folds 
Jast4Fan95: folds 
kenbou777: raises $0.04 to $0.06
nagolr97: folds 
joelox25: folds 
Uncalled bet ($0.04) returned to kenbou777
kenbou777 collected $0.05 from pot
kenbou777: doesn't show hand 
*** SUMMARY ***
Total pot $0.05 | Rake $0 
Seat 1: kenbou777 (button) collected ($0.05)
Seat 2: nagolr97 (small blind) folded before Flop
Seat 3: joelox25 (big blind) folded before Flop
Seat 4: Roman197430 folded before Flop (didn't bet)
Seat 5: hc agorist folded before Flop (didn't bet)
Seat 6: Jast4Fan95 folded before Flop (didn't bet)



PokerStars Zoom Hand #193678353845:  Hold'em No Limit ($0.01/$0.02) - 2018/11/24 14:40:29 CUST [2018/11/24 1:40:29 ET]
Table 'Halley' 6-max Seat #1 is the button
Seat 1: halesc19 ($1.37 in chips) 
Seat 2: hc agorist ($2.19 in chips) 
Seat 3: Agno$tic ($4.86 in chips) 
Seat 4: Lifecards7 ($2.98 in chips) 
Seat 5: Maxart92 ($4.07 in chips) 
Seat 6: samoilacodin ($2.28 in chips) 
hc agorist: posts small blind $0.01
Agno$tic: posts big blind $0.02
*** HOLE CARDS ***
Dealt to hc agorist [8h 2d]
Lifecards7: raises $0.04 to $0.06
Maxart92: folds 
samoilacodin: folds 
halesc19: folds 
hc agorist: folds 
Agno$tic: folds 
Uncalled bet ($0.04) returned to Lifecards7
Lifecards7 collected $0.05 from pot
Lifecards7: doesn't show hand 
*** SUMMARY ***
Total pot $0.05 | Rake $0 
Seat 1: halesc19 (button) folded before Flop (didn't bet)
Seat 2: hc agorist (small blind) folded before Flop
Seat 3: Agno$tic (big blind) folded before Flop
Seat 4: Lifecards7 collected ($0.05)
Seat 5: Maxart92 folded before Flop (didn't bet)
Seat 6: samoilacodin folded before Flop (didn't bet)



PokerStars Zoom Hand #193678354898:  Hold'em No Limit ($0.01/$0.02) - 2018/11/24 14:40:34 CUST [2018/11/24 1:40:34 ET]
Table 'Halley' 6-max Seat #1 is the button
Seat 1: hc agorist ($2.18 in chips) 
Seat 2: Like.a.Bo5s ($2 in chips) 
Seat 3: D0ktt0R ($3.06 in chips) 
Seat 4: KL&VL ($1.87 in chips) 
Seat 5: fumd54 ($3.69 in chips) 
Seat 6: sergant85 ($1.98 in chips) 
Like.a.Bo5s: posts small blind $0.01
D0ktt0R: posts big blind $0.02
*** HOLE CARDS ***
Dealt to hc agorist [7d 5c]
KL&VL: folds 
fumd54: folds 
sergant85: folds 
hc agorist: folds 
Like.a.Bo5s: folds 
Uncalled bet ($0.01) returned to D0ktt0R
D0ktt0R collected $0.02 from pot
D0ktt0R: doesn't show hand 
*** SUMMARY ***
Total pot $0.02 | Rake $0 
Seat 1: hc agorist (button) folded before Flop (didn't bet)
Seat 2: Like.a.Bo5s (small blind) folded before Flop
Seat 3: D0ktt0R (big blind) collected ($0.02)
Seat 4: KL&VL folded before Flop (didn't bet)
Seat 5: fumd54 folded before Flop (didn't bet)
Seat 6: sergant85 folded before Flop (didn't bet)



PokerStars Zoom Hand #193678356156:  Hold'em No Limit ($0.01/$0.02) - 2018/11/24 14:40:40 CUST [2018/11/24 1:40:40 ET]
Table 'Halley' 6-max Seat #1 is the button
Seat 1: Lifecards7 ($3.01 in chips) 
Seat 2: MainFisher ($2.10 in chips) 
Seat 3: slava031091 ($0.99 in chips) 
Seat 4: hc agorist ($2.18 in chips) 
Seat 5: gio!!!160490 ($2.40 in chips) 
Seat 6: Plymeariver ($1.80 in chips) 
MainFisher: posts small blind $0.01
slava031091: posts big blind $0.02
*** HOLE CARDS ***
Dealt to hc agorist [Jc Ks]
hc agorist: raises $0.02 to $0.04
gio!!!160490: folds 
Plymeariver: folds 
Lifecards7: folds 
MainFisher: folds 
slava031091: folds 
Uncalled bet ($0.02) returned to hc agorist
hc agorist collected $0.05 from pot
hc agorist: doesn't show hand 
*** SUMMARY ***
Total pot $0.05 | Rake $0 
Seat 1: Lifecards7 (button) folded before Flop (didn't bet)
Seat 2: MainFisher (small blind) folded before Flop
Seat 3: slava031091 (big blind) folded before Flop
Seat 4: hc agorist collected ($0.05)
Seat 5: gio!!!160490 folded before Flop (didn't bet)
Seat 6: Plymeariver folded before Flop (didn't bet)



PokerStars Zoom Hand #193678358634:  Hold'em No Limit ($0.01/$0.02) - 2018/11/24 14:40:52 CUST [2018/11/24 1:40:52 ET]
Table 'Halley' 6-max Seat #1 is the button
Seat 1: YTAKF ($3.22 in chips) 
Seat 2: alexdg74 ($1.95 in chips) 
Seat 3: kenbou777 ($2 in chips) 
Seat 4: hc agorist ($2.21 in chips) 
Seat 5: MikeStarsAAAA ($0.72 in chips) 
Seat 6: nelsonvc285 ($3.24 in chips) 
alexdg74: posts small blind $0.01
kenbou777: posts big blind $0.02
*** HOLE CARDS ***
Dealt to hc agorist [As 6h]
hc agorist: folds 
MikeStarsAAAA: folds 
nelsonvc285: folds 
YTAKF: folds 
alexdg74: folds 
Uncalled bet ($0.01) returned to kenbou777
kenbou777 collected $0.02 from pot
kenbou777: doesn't show hand 
*** SUMMARY ***
Total pot $0.02 | Rake $0 
Seat 1: YTAKF (button) folded before Flop (didn't bet)
Seat 2: alexdg74 (small blind) folded before Flop
Seat 3: kenbou777 (big blind) collected ($0.02)
Seat 4: hc agorist folded before Flop (didn't bet)
Seat 5: MikeStarsAAAA folded before Flop (didn't bet)
Seat 6: nelsonvc285 folded before Flop (didn't bet)



PokerStars Zoom Hand #193678359940:  Hold'em No Limit ($0.01/$0.02) - 2018/11/24 14:40:58 CUST [2018/11/24 1:40:58 ET]
Table 'Halley' 6-max Seat #1 is the button
Seat 1: matildaa794 ($0.78 in chips) 
Seat 2: potato776 ($3.87 in chips) 
Seat 3: hc agorist ($2.21 in chips) 
Seat 4: hlolxvnj ($2 in chips) 
Seat 5: Dmitriy1984 ($2.12 in chips) 
Seat 6: Mr.Folddddd ($2 in chips) 
potato776: posts small blind $0.01
hc agorist: posts big blind $0.02
*** HOLE CARDS ***
Dealt to hc agorist [Qd Jd]
hlolxvnj: folds 
Dmitriy1984: folds 
Mr.Folddddd: folds 
matildaa794: folds 
potato776: raises $0.03 to $0.05
hc agorist: raises $0.10 to $0.15
potato776: folds 
Uncalled bet ($0.10) returned to hc agorist
hc agorist collected $0.10 from pot
hc agorist: doesn't show hand 
*** SUMMARY ***
Total pot $0.10 | Rake $0 
Seat 1: matildaa794 (button) folded before Flop (didn't bet)
Seat 2: potato776 (small blind) folded before Flop
Seat 3: hc agorist (big blind) collected ($0.10)
Seat 4: hlolxvnj folded before Flop (didn't bet)
Seat 5: Dmitriy1984 folded before Flop (didn't bet)
Seat 6: Mr.Folddddd folded before Flop (didn't bet)



PokerStars Zoom Hand #193678366418:  Hold'em No Limit ($0.01/$0.02) - 2018/11/24 14:41:29 CUST [2018/11/24 1:41:29 ET]
Table 'Halley' 6-max Seat #1 is the button
Seat 1: hc agorist ($2.25 in chips) 
Seat 2: Malczev ($1.01 in chips) 
Seat 3: soapppp ($2.31 in chips) 
Seat 4: sinster_ca85 ($3.01 in chips) 
Seat 5: SKV_1985 ($2.49 in chips) 
Seat 6: Maxart92 ($4.13 in chips) 
Malczev: posts small blind $0.01
soapppp: posts big blind $0.02
*** HOLE CARDS ***
Dealt to hc agorist [2h 5s]
sinster_ca85: folds 
SKV_1985: raises $0.03 to $0.05
Maxart92: folds 
hc agorist: folds 
Malczev: folds 
soapppp: folds 
Uncalled bet ($0.03) returned to SKV_1985
SKV_1985 collected $0.05 from pot
SKV_1985: doesn't show hand 
*** SUMMARY ***
Total pot $0.05 | Rake $0 
Seat 1: hc agorist (button) folded before Flop (didn't bet)
Seat 2: Malczev (small blind) folded before Flop
Seat 3: soapppp (big blind) folded before Flop
Seat 4: sinster_ca85 folded before Flop (didn't bet)
Seat 5: SKV_1985 collected ($0.05)
Seat 6: Maxart92 folded before Flop (didn't bet)



PokerStars Zoom Hand #193678365556:  Hold'em No Limit ($0.01/$0.02) - 2018/11/24 14:41:25 CUST [2018/11/24 1:41:25 ET]
Table 'Halley' 6-max Seat #1 is the button
Seat 1: kenbou777 ($2.12 in chips) 
Seat 2: hc agorist ($2.26 in chips) 
Seat 3: Nickocai98 ($2.97 in chips) 
Seat 4: slava031091 ($0.91 in chips) 
Seat 5: RECHUK ($1 in chips) 
Seat 6: tdjf ($1.85 in chips) 
hc agorist: posts small blind $0.01
Nickocai98: posts big blind $0.02
*** HOLE CARDS ***
Dealt to hc agorist [Kc 2s]
slava031091: raises $0.05 to $0.07
RECHUK: folds 
tdjf: folds 
kenbou777: folds 
hc agorist: folds 
Nickocai98: folds 
Uncalled bet ($0.05) returned to slava031091
slava031091 collected $0.05 from pot
slava031091: doesn't show hand 
*** SUMMARY ***
Total pot $0.05 | Rake $0 
Seat 1: kenbou777 (button) folded before Flop (didn't bet)
Seat 2: hc agorist (small blind) folded before Flop
Seat 3: Nickocai98 (big blind) folded before Flop
Seat 4: slava031091 collected ($0.05)
Seat 5: RECHUK folded before Flop (didn't bet)
Seat 6: tdjf folded before Flop (didn't bet)



PokerStars Zoom Hand #193678367456:  Hold'em No Limit ($0.01/$0.02) - 2018/11/24 14:41:34 CUST [2018/11/24 1:41:34 ET]
Table 'Halley' 6-max Seat #1 is the button
Seat 1: ww410490 ($1.07 in chips) 
Seat 2: demon7521 ($3.48 in chips) 
Seat 3: Randal000 ($3.69 in chips) 
Seat 4: Locidogi12 ($1.57 in chips) 
Seat 5: ThunderMan15 ($2.38 in chips) 
Seat 6: hc agorist ($2.25 in chips) 
demon7521: posts small blind $0.01
Randal000: posts big blind $0.02
*** HOLE CARDS ***
Dealt to hc agorist [3s 7h]
Locidogi12: folds 
ThunderMan15: folds 
hc agorist: folds 
ww410490: folds 
demon7521: raises $0.04 to $0.06
Randal000: folds 
Uncalled bet ($0.04) returned to demon7521
demon7521 collected $0.04 from pot
demon7521: doesn't show hand 
*** SUMMARY ***
Total pot $0.04 | Rake $0 
Seat 1: ww410490 (button) folded before Flop (didn't bet)
Seat 2: demon7521 (small blind) collected ($0.04)
Seat 3: Randal000 (big blind) folded before Flop
Seat 4: Locidogi12 folded before Flop (didn't bet)
Seat 5: ThunderMan15 folded before Flop (didn't bet)
Seat 6: hc agorist folded before Flop (didn't bet)



PokerStars Zoom Hand #193678368488:  Hold'em No Limit ($0.01/$0.02) - 2018/11/24 14:41:39 CUST [2018/11/24 1:41:39 ET]
Table 'Halley' 6-max Seat #1 is the button
Seat 1: mslima88 ($2.27 in chips) 
Seat 2: taren666 ($1.76 in chips) 
Seat 3: hc agorist ($2.25 in chips) 
Seat 4: Locidogi12 ($2.65 in chips) 
Seat 5: ThunderMan15 ($1.17 in chips) 
Seat 6: vital0225 ($3.31 in chips) 
taren666: posts small blind $0.01
hc agorist: posts big blind $0.02
*** HOLE CARDS ***
Dealt to hc agorist [5h Kd]
Locidogi12: folds 
ThunderMan15: folds 
vital0225: folds 
mslima88: raises $0.04 to $0.06
taren666: calls $0.05
hc agorist: folds 
*** FLOP *** [6h 4s 3d]
taren666: checks 
mslima88: bets $0.09
taren666: folds 
Uncalled bet ($0.09) returned to mslima88
mslima88 collected $0.14 from pot
mslima88: doesn't show hand 
*** SUMMARY ***
Total pot $0.14 | Rake $0 
Board [6h 4s 3d]
Seat 1: mslima88 (button) collected ($0.14)
Seat 2: taren666 (small blind) folded on the Flop
Seat 3: hc agorist (big blind) folded before Flop
Seat 4: Locidogi12 folded before Flop (didn't bet)
Seat 5: ThunderMan15 folded before Flop (didn't bet)
Seat 6: vital0225 folded before Flop (didn't bet)



PokerStars Zoom Hand #193678372077:  Hold'em No Limit ($0.01/$0.02) - 2018/11/24 14:41:56 CUST [2018/11/24 1:41:56 ET]
Table 'Halley' 6-max Seat #1 is the button
Seat 1: Maxart92 ($2.29 in chips) 
Seat 2: parfumer123 ($2 in chips) 
Seat 3: demon7521 ($3.50 in chips) 
Seat 4: hc agorist ($2.23 in chips) 
Seat 5: HeyItsM3 ($4.09 in chips) 
Seat 6: BuffmonsterOne ($8.39 in chips) 
parfumer123: posts small blind $0.01
demon7521: posts big blind $0.02
*** HOLE CARDS ***
Dealt to hc agorist [2h Qh]
hc agorist: folds 
HeyItsM3: folds 
BuffmonsterOne: folds 
Maxart92: folds 
parfumer123: raises $0.03 to $0.05
demon7521: calls $0.03
*** FLOP *** [Ah 2s 4c]
parfumer123: bets $0.06
demon7521: folds 
Uncalled bet ($0.06) returned to parfumer123
parfumer123 collected $0.10 from pot
parfumer123: doesn't show hand 
*** SUMMARY ***
Total pot $0.10 | Rake $0 
Board [Ah 2s 4c]
Seat 1: Maxart92 (button) folded before Flop (didn't bet)
Seat 2: parfumer123 (small blind) collected ($0.10)
Seat 3: demon7521 (big blind) folded on the Flop
Seat 4: hc agorist folded before Flop (didn't bet)
Seat 5: HeyItsM3 folded before Flop (didn't bet)
Seat 6: BuffmonsterOne folded before Flop (didn't bet)



PokerStars Zoom Hand #193678373115:  Hold'em No Limit ($0.01/$0.02) - 2018/11/24 14:42:01 CUST [2018/11/24 1:42:01 ET]
Table 'Halley' 6-max Seat #1 is the button
Seat 1: Agno$tic ($7.54 in chips) 
Seat 2: KolbatonBasy ($2.54 in chips) 
Seat 3: Bibimbab ($6.69 in chips) 
Seat 4: sorokinpv36 ($2.63 in chips) 
Seat 5: alexdg74 ($2.17 in chips) 
Seat 6: hc agorist ($2.23 in chips) 
KolbatonBasy: posts small blind $0.01
Bibimbab: posts big blind $0.02
*** HOLE CARDS ***
Dealt to hc agorist [Qd Kh]
sorokinpv36: folds 
alexdg74: folds 
hc agorist: raises $0.02 to $0.04
Agno$tic: raises $0.11 to $0.15
KolbatonBasy: folds 
Bibimbab: folds 
hc agorist: calls $0.11
*** FLOP *** [3s 6h 5c]
hc agorist: checks 
Agno$tic: bets $0.20
hc agorist: folds 
Uncalled bet ($0.20) returned to Agno$tic
Agno$tic collected $0.32 from pot
Agno$tic: doesn't show hand 
*** SUMMARY ***
Total pot $0.33 | Rake $0.01 
Board [3s 6h 5c]
Seat 1: Agno$tic (button) collected ($0.32)
Seat 2: KolbatonBasy (small blind) folded before Flop
Seat 3: Bibimbab (big blind) folded before Flop
Seat 4: sorokinpv36 folded before Flop (didn't bet)
Seat 5: alexdg74 folded before Flop (didn't bet)
Seat 6: hc agorist folded on the Flop



PokerStars Zoom Hand #193678386316:  Hold'em No Limit ($0.01/$0.02) - 2018/11/24 14:43:04 CUST [2018/11/24 1:43:04 ET]
Table 'Halley' 6-max Seat #1 is the button
Seat 1: charlyu$$30$ ($8.39 in chips) 
Seat 2: hc agorist ($2.08 in chips) 
Seat 3: almanik ($1.25 in chips) 
Seat 4: Nickocai98 ($3.09 in chips) 
Seat 5: sun10011 ($2.27 in chips) 
Seat 6: furrrrt ($1.84 in chips) 
hc agorist: posts small blind $0.01
almanik: posts big blind $0.02
*** HOLE CARDS ***
Dealt to hc agorist [Tc 3s]
Nickocai98: folds 
sun10011: folds 
furrrrt: folds 
charlyu$$30$: folds 
hc agorist: folds 
Uncalled bet ($0.01) returned to almanik
almanik collected $0.02 from pot
almanik: doesn't show hand 
*** SUMMARY ***
Total pot $0.02 | Rake $0 
Seat 1: charlyu$$30$ (button) folded before Flop (didn't bet)
Seat 2: hc agorist (small blind) folded before Flop
Seat 3: almanik (big blind) collected ($0.02)
Seat 4: Nickocai98 folded before Flop (didn't bet)
Seat 5: sun10011 folded before Flop (didn't bet)
Seat 6: furrrrt folded before Flop (didn't bet)



PokerStars Zoom Hand #193678387580:  Hold'em No Limit ($0.01/$0.02) - 2018/11/24 14:43:10 CUST [2018/11/24 1:43:10 ET]
Table 'Halley' 6-max Seat #1 is the button
Seat 1: hc agorist ($2.07 in chips) 
Seat 2: Damian36215 ($4.03 in chips) 
Seat 3: Sadovik059 ($1.71 in chips) 
Seat 4: DiegoARS17 ($2.78 in chips) 
Seat 5: 22oleg33 ($0.81 in chips) 
Seat 6: Agno$tic ($7.69 in chips) 
Damian36215: posts small blind $0.01
Sadovik059: posts big blind $0.02
*** HOLE CARDS ***
Dealt to hc agorist [Ac 5c]
DiegoARS17: folds 
22oleg33: folds 
Agno$tic: folds 
hc agorist: raises $0.02 to $0.04
Damian36215: folds 
Sadovik059: calls $0.02
*** FLOP *** [4c Jd 3s]
Sadovik059: checks 
hc agorist: bets $0.03
Sadovik059: folds 
Uncalled bet ($0.03) returned to hc agorist
hc agorist collected $0.09 from pot
hc agorist: doesn't show hand 
*** SUMMARY ***
Total pot $0.09 | Rake $0 
Board [4c Jd 3s]
Seat 1: hc agorist (button) collected ($0.09)
Seat 2: Damian36215 (small blind) folded before Flop
Seat 3: Sadovik059 (big blind) folded on the Flop
Seat 4: DiegoARS17 folded before Flop (didn't bet)
Seat 5: 22oleg33 folded before Flop (didn't bet)
Seat 6: Agno$tic folded before Flop (didn't bet)



PokerStars Zoom Hand #193678385062:  Hold'em No Limit ($0.01/$0.02) - 2018/11/24 14:42:58 CUST [2018/11/24 1:42:58 ET]
Table 'Halley' 6-max Seat #1 is the button
Seat 1: 228.228.163 ($1.87 in chips) 
Seat 2: Bibimbab ($6.06 in chips) 
Seat 3: fumd54 ($3.05 in chips) 
Seat 4: rambo_loo ($2.14 in chips) 
Seat 5: hc agorist ($2.08 in chips) 
Seat 6: Airmax9527 ($1.89 in chips) 
Bibimbab: posts small blind $0.01
fumd54: posts big blind $0.02
*** HOLE CARDS ***
Dealt to hc agorist [5h 9s]
rambo_loo: folds 
hc agorist: folds 
Airmax9527 has timed out
Airmax9527: folds 
228.228.163: calls $0.02
Bibimbab: folds 
fumd54: checks 
*** FLOP *** [8c 4c 2s]
fumd54: checks 
228.228.163: bets $0.05
fumd54: folds 
Uncalled bet ($0.05) returned to 228.228.163
228.228.163 collected $0.05 from pot
228.228.163: doesn't show hand 
*** SUMMARY ***
Total pot $0.05 | Rake $0 
Board [8c 4c 2s]
Seat 1: 228.228.163 (button) collected ($0.05)
Seat 2: Bibimbab (small blind) folded before Flop
Seat 3: fumd54 (big blind) folded on the Flop
Seat 4: rambo_loo folded before Flop (didn't bet)
Seat 5: hc agorist folded before Flop (didn't bet)
Seat 6: Airmax9527 folded before Flop (didn't bet)



PokerStars Zoom Hand #193678392635:  Hold'em No Limit ($0.01/$0.02) - 2018/11/24 14:43:34 CUST [2018/11/24 1:43:34 ET]
Table 'Halley' 6-max Seat #1 is the button
Seat 1: conik111 ($2.85 in chips) 
Seat 2: kyoubaku ($8.45 in chips) 
Seat 3: Maxart92 ($4.19 in chips) 
Seat 4: hc agorist ($2.12 in chips) 
Seat 5: halesc19 ($1.70 in chips) 
Seat 6: Svetlana-ck ($0.70 in chips) 
kyoubaku: posts small blind $0.01
Maxart92: posts big blind $0.02
*** HOLE CARDS ***
Dealt to hc agorist [6d 9d]
hc agorist: folds 
halesc19: folds 
Svetlana-ck: folds 
conik111: folds 
kyoubaku: raises $0.04 to $0.06
Maxart92: folds 
Uncalled bet ($0.04) returned to kyoubaku
kyoubaku collected $0.04 from pot
kyoubaku: doesn't show hand 
*** SUMMARY ***
Total pot $0.04 | Rake $0 
Seat 1: conik111 (button) folded before Flop (didn't bet)
Seat 2: kyoubaku (small blind) collected ($0.04)
Seat 3: Maxart92 (big blind) folded before Flop
Seat 4: hc agorist folded before Flop (didn't bet)
Seat 5: halesc19 folded before Flop (didn't bet)
Seat 6: Svetlana-ck folded before Flop (didn't bet)



PokerStars Zoom Hand #193678394675:  Hold'em No Limit ($0.01/$0.02) - 2018/11/24 14:43:44 CUST [2018/11/24 1:43:44 ET]
Table 'Halley' 6-max Seat #1 is the button
Seat 1: GOGOELEPHANT ($1.97 in chips) 
Seat 2: ohdissius1 ($0.93 in chips) 
Seat 3: hc agorist ($2.12 in chips) 
Seat 4: v1per163 ($3.33 in chips) 
Seat 5: JavierMaxter ($0.97 in chips) 
Seat 6: massaro_vet ($2.06 in chips) 
ohdissius1: posts small blind $0.01
hc agorist: posts big blind $0.02
*** HOLE CARDS ***
Dealt to hc agorist [Ad 7c]
v1per163: folds 
JavierMaxter: folds 
massaro_vet: folds 
GOGOELEPHANT: folds 
ohdissius1: raises $0.04 to $0.06
hc agorist: raises $0.12 to $0.18
ohdissius1: raises $0.75 to $0.93 and is all-in
hc agorist: folds 
Uncalled bet ($0.75) returned to ohdissius1
ohdissius1 collected $0.36 from pot
ohdissius1: doesn't show hand 
*** SUMMARY ***
Total pot $0.36 | Rake $0 
Seat 1: GOGOELEPHANT (button) folded before Flop (didn't bet)
Seat 2: ohdissius1 (small blind) collected ($0.36)
Seat 3: hc agorist (big blind) folded before Flop
Seat 4: v1per163 folded before Flop (didn't bet)
Seat 5: JavierMaxter folded before Flop (didn't bet)
Seat 6: massaro_vet folded before Flop (didn't bet)



PokerStars Zoom Hand #193678393675:  Hold'em No Limit ($0.01/$0.02) - 2018/11/24 14:43:39 CUST [2018/11/24 1:43:39 ET]
Table 'Halley' 6-max Seat #1 is the button
Seat 1: SKV_1985 ($2.10 in chips) 
Seat 2: Jamilitaktak ($1.83 in chips) 
Seat 3: Hakkepeiling ($1.84 in chips) 
Seat 4: Maverick_JPR ($2.76 in chips) 
Seat 5: hc agorist ($2.12 in chips) 
Seat 6: Neftot ($5.93 in chips) 
Jamilitaktak: posts small blind $0.01
Hakkepeiling: posts big blind $0.02
*** HOLE CARDS ***
Dealt to hc agorist [Ah 8d]
Maverick_JPR: folds 
hc agorist: folds 
Neftot: raises $0.04 to $0.06
SKV_1985: folds 
Jamilitaktak: calls $0.05
Hakkepeiling: folds 
*** FLOP *** [6c Ts Ad]
Jamilitaktak: checks 
Neftot: bets $0.11
Jamilitaktak: folds 
Uncalled bet ($0.11) returned to Neftot
Neftot collected $0.14 from pot
Neftot: doesn't show hand 
*** SUMMARY ***
Total pot $0.14 | Rake $0 
Board [6c Ts Ad]
Seat 1: SKV_1985 (button) folded before Flop (didn't bet)
Seat 2: Jamilitaktak (small blind) folded on the Flop
Seat 3: Hakkepeiling (big blind) folded before Flop
Seat 4: Maverick_JPR folded before Flop (didn't bet)
Seat 5: hc agorist folded before Flop (didn't bet)
Seat 6: Neftot collected ($0.14)



PokerStars Zoom Hand #193678399943:  Hold'em No Limit ($0.01/$0.02) - 2018/11/24 14:44:09 CUST [2018/11/24 1:44:09 ET]
Table 'Halley' 6-max Seat #1 is the button
Seat 1: Randal000 ($2.78 in chips) 
Seat 2: samsam132017 ($1.52 in chips) 
Seat 3: 1elCreador1 ($3.21 in chips) 
Seat 4: gindzu ($2.01 in chips) 
Seat 5: petuty[BR] ($2.28 in chips) 
Seat 6: hc agorist ($1.94 in chips) 
samsam132017: posts small blind $0.01
1elCreador1: posts big blind $0.02
*** HOLE CARDS ***
Dealt to hc agorist [Jh 6s]
gindzu: folds 
petuty[BR]: folds 
hc agorist: folds 
Randal000: raises $0.04 to $0.06
samsam132017: folds 
1elCreador1: folds 
Uncalled bet ($0.04) returned to Randal000
Randal000 collected $0.05 from pot
Randal000: doesn't show hand 
*** SUMMARY ***
Total pot $0.05 | Rake $0 
Seat 1: Randal000 (button) collected ($0.05)
Seat 2: samsam132017 (small blind) folded before Flop
Seat 3: 1elCreador1 (big blind) folded before Flop
Seat 4: gindzu folded before Flop (didn't bet)
Seat 5: petuty[BR] folded before Flop (didn't bet)
Seat 6: hc agorist folded before Flop (didn't bet)



PokerStars Zoom Hand #193678402069:  Hold'em No Limit ($0.01/$0.02) - 2018/11/24 14:44:19 CUST [2018/11/24 1:44:19 ET]
Table 'Halley' 6-max Seat #1 is the button
Seat 1: Rockabill408 ($2 in chips) 
Seat 2: hc agorist ($1.94 in chips) 
Seat 3: fi$he4ka ($1.82 in chips) 
Seat 4: xiaoink ($4.11 in chips) 
Seat 5: D0ktt0R ($3.94 in chips) 
Seat 6: ThunderMan15 ($1.18 in chips) 
hc agorist: posts small blind $0.01
fi$he4ka: posts big blind $0.02
*** HOLE CARDS ***
Dealt to hc agorist [4s 9d]
xiaoink: folds 
D0ktt0R: folds 
ThunderMan15: folds 
Rockabill408: folds 
hc agorist: folds 
Uncalled bet ($0.01) returned to fi$he4ka
fi$he4ka collected $0.02 from pot
fi$he4ka: doesn't show hand 
*** SUMMARY ***
Total pot $0.02 | Rake $0 
Seat 1: Rockabill408 (button) folded before Flop (didn't bet)
Seat 2: hc agorist (small blind) folded before Flop
Seat 3: fi$he4ka (big blind) collected ($0.02)
Seat 4: xiaoink folded before Flop (didn't bet)
Seat 5: D0ktt0R folded before Flop (didn't bet)
Seat 6: ThunderMan15 folded before Flop (didn't bet)



PokerStars Zoom Hand #193678403108:  Hold'em No Limit ($0.01/$0.02) - 2018/11/24 14:44:24 CUST [2018/11/24 1:44:24 ET]
Table 'Halley' 6-max Seat #1 is the button
Seat 1: mr.pettay ($2.25 in chips) 
Seat 2: fumd54 ($3.71 in chips) 
Seat 3: Kiizu ($2.07 in chips) 
Seat 4: SaaF1987 ($2.33 in chips) 
Seat 5: hc agorist ($1.93 in chips) 
Seat 6: horton2 ($1.10 in chips) 
fumd54: posts small blind $0.01
Kiizu: posts big blind $0.02
*** HOLE CARDS ***
Dealt to hc agorist [Ah 5s]
SaaF1987: raises $0.05 to $0.07
hc agorist: folds 
horton2: folds 
mr.pettay: folds 
fumd54: folds 
Kiizu: folds 
Uncalled bet ($0.05) returned to SaaF1987
SaaF1987 collected $0.05 from pot
SaaF1987: doesn't show hand 
*** SUMMARY ***
Total pot $0.05 | Rake $0 
Seat 1: mr.pettay (button) folded before Flop (didn't bet)
Seat 2: fumd54 (small blind) folded before Flop
Seat 3: Kiizu (big blind) folded before Flop
Seat 4: SaaF1987 collected ($0.05)
Seat 5: hc agorist folded before Flop (didn't bet)
Seat 6: horton2 folded before Flop (didn't bet)



PokerStars Zoom Hand #193678401026:  Hold'em No Limit ($0.01/$0.02) - 2018/11/24 14:44:14 CUST [2018/11/24 1:44:14 ET]
Table 'Halley' 6-max Seat #1 is the button
Seat 1: hc agorist ($1.94 in chips) 
Seat 2: coic0098 ($4.10 in chips) 
Seat 3: BuffmonsterOne ($4.92 in chips) 
Seat 4: RATO NUCLEO ($1.83 in chips) 
Seat 5: 22oleg33 ($0.86 in chips) 
Seat 6: Mr.Folddddd ($2.67 in chips) 
coic0098: posts small blind $0.01
BuffmonsterOne: posts big blind $0.02
*** HOLE CARDS ***
Dealt to hc agorist [7h 2c]
RATO NUCLEO: folds 
22oleg33: calls $0.02
Mr.Folddddd: folds 
hc agorist: folds 
coic0098: folds 
BuffmonsterOne: checks 
*** FLOP *** [7d Qd 2d]
BuffmonsterOne: checks 
22oleg33: checks 
*** TURN *** [7d Qd 2d] [Qh]
BuffmonsterOne: bets $0.02
22oleg33: folds 
Uncalled bet ($0.02) returned to BuffmonsterOne
BuffmonsterOne collected $0.05 from pot
BuffmonsterOne: doesn't show hand 
*** SUMMARY ***
Total pot $0.05 | Rake $0 
Board [7d Qd 2d Qh]
Seat 1: hc agorist (button) folded before Flop (didn't bet)
Seat 2: coic0098 (small blind) folded before Flop
Seat 3: BuffmonsterOne (big blind) collected ($0.05)
Seat 4: RATO NUCLEO folded before Flop (didn't bet)
Seat 5: 22oleg33 folded on the Turn
Seat 6: Mr.Folddddd folded before Flop (didn't bet)



PokerStars Zoom Hand #193678404151:  Hold'em No Limit ($0.01/$0.02) - 2018/11/24 14:44:29 CUST [2018/11/24 1:44:29 ET]
Table 'Halley' 6-max Seat #1 is the button
Seat 1: TheL1ke ($2.05 in chips) 
Seat 2: 1 AKAKI 1 ($1.96 in chips) 
Seat 3: RIMMM867 ($0.67 in chips) 
Seat 4: hc agorist ($1.93 in chips) 
Seat 5: sinster_ca85 ($2 in chips) 
Seat 6: Anthony00087 ($2.37 in chips) 
1 AKAKI 1: posts small blind $0.01
RIMMM867: posts big blind $0.02
*** HOLE CARDS ***
Dealt to hc agorist [Ts 9s]
hc agorist: raises $0.02 to $0.04
sinster_ca85: calls $0.04
Anthony00087: folds 
TheL1ke: calls $0.04
1 AKAKI 1: folds 
RIMMM867: calls $0.02
*** FLOP *** [Ad 6h 5d]
RIMMM867: checks 
hc agorist: checks 
sinster_ca85: checks 
TheL1ke: checks 
*** TURN *** [Ad 6h 5d] [4d]
RIMMM867: bets $0.63 and is all-in
hc agorist: folds 
sinster_ca85: folds 
TheL1ke: folds 
Uncalled bet ($0.63) returned to RIMMM867
RIMMM867 collected $0.16 from pot
RIMMM867: doesn't show hand 
*** SUMMARY ***
Total pot $0.17 | Rake $0.01 
Board [Ad 6h 5d 4d]
Seat 1: TheL1ke (button) folded on the Turn
Seat 2: 1 AKAKI 1 (small blind) folded before Flop
Seat 3: RIMMM867 (big blind) collected ($0.16)
Seat 4: hc agorist folded on the Turn
Seat 5: sinster_ca85 folded on the Turn
Seat 6: Anthony00087 folded before Flop (didn't bet)



PokerStars Zoom Hand #193678409235:  Hold'em No Limit ($0.01/$0.02) - 2018/11/24 14:44:53 CUST [2018/11/24 1:44:53 ET]
Table 'Halley' 6-max Seat #1 is the button
Seat 1: PE8512 ($2.04 in chips) 
Seat 2: RIMMM867 ($0.80 in chips) 
Seat 3: hc agorist ($1.89 in chips) 
Seat 4: kakoytotip ($3.02 in chips) 
Seat 5: hoyosuk513 ($3.19 in chips) 
Seat 6: Rus. Pioneer ($2 in chips) 
RIMMM867: posts small blind $0.01
hc agorist: posts big blind $0.02
*** HOLE CARDS ***
Dealt to hc agorist [7s 9h]
kakoytotip: folds 
hoyosuk513: folds 
Rus. Pioneer: folds 
PE8512: raises $0.04 to $0.06
RIMMM867: calls $0.05
hc agorist: raises $0.18 to $0.24
PE8512: folds 
RIMMM867: folds 
Uncalled bet ($0.18) returned to hc agorist
hc agorist collected $0.18 from pot
hc agorist: doesn't show hand 
*** SUMMARY ***
Total pot $0.18 | Rake $0 
Seat 1: PE8512 (button) folded before Flop
Seat 2: RIMMM867 (small blind) folded before Flop
Seat 3: hc agorist (big blind) collected ($0.18)
Seat 4: kakoytotip folded before Flop (didn't bet)
Seat 5: hoyosuk513 folded before Flop (didn't bet)
Seat 6: Rus. Pioneer folded before Flop (didn't bet)



PokerStars Zoom Hand #193678413836:  Hold'em No Limit ($0.01/$0.02) - 2018/11/24 14:45:15 CUST [2018/11/24 1:45:15 ET]
Table 'Halley' 6-max Seat #1 is the button
Seat 1: hc agorist ($2.01 in chips) 
Seat 2: AkoAySugarol ($2 in chips) 
Seat 3: darkmanx27 ($8.16 in chips) 
Seat 4: RECHUK ($2.96 in chips) 
Seat 5: RIMMM867 ($0.74 in chips) 
Seat 6: PE8512 ($6.43 in chips) 
AkoAySugarol: posts small blind $0.01
darkmanx27: posts big blind $0.02
*** HOLE CARDS ***
Dealt to hc agorist [Qc Th]
RECHUK: folds 
RIMMM867: folds 
PE8512: raises $0.04 to $0.06
hc agorist: calls $0.06
AkoAySugarol: folds 
darkmanx27: folds 
*** FLOP *** [8s 2d Js]
PE8512: bets $0.07
hc agorist: calls $0.07
*** TURN *** [8s 2d Js] [4s]
PE8512: bets $0.14
hc agorist: raises $0.30 to $0.44
PE8512: calls $0.30
*** RIVER *** [8s 2d Js 4s] [Qh]
PE8512: checks 
hc agorist: checks 
*** SHOW DOWN ***
PE8512: shows [Ks Qs] (a flush, King high)
hc agorist: mucks hand 
PE8512 collected $1.13 from pot
*** SUMMARY ***
Total pot $1.17 | Rake $0.04 
Board [8s 2d Js 4s Qh]
Seat 1: hc agorist (button) mucked [Qc Th]
Seat 2: AkoAySugarol (small blind) folded before Flop
Seat 3: darkmanx27 (big blind) folded before Flop
Seat 4: RECHUK folded before Flop (didn't bet)
Seat 5: RIMMM867 folded before Flop (didn't bet)
Seat 6: PE8512 showed [Ks Qs] and won ($1.13) with a flush, King high



PokerStars Zoom Hand #193678427180:  Hold'em No Limit ($0.01/$0.02) - 2018/11/24 14:46:19 CUST [2018/11/24 1:46:19 ET]
Table 'Halley' 6-max Seat #1 is the button
Seat 1: Randal000 ($5.54 in chips) 
Seat 2: hc agorist ($1.44 in chips) 
Seat 3: sorokinpv36 ($2.26 in chips) 
Seat 4: KingCheSir ($1.72 in chips) 
Seat 5: PE8512 ($6.99 in chips) 
Seat 6: Rosmid ($2.12 in chips) 
hc agorist: posts small blind $0.01
sorokinpv36: posts big blind $0.02
*** HOLE CARDS ***
Dealt to hc agorist [6s Qs]
KingCheSir: folds 
PE8512: raises $0.04 to $0.06
Rosmid: folds 
Randal000: folds 
hc agorist: folds 
sorokinpv36: folds 
Uncalled bet ($0.04) returned to PE8512
PE8512 collected $0.05 from pot
PE8512: doesn't show hand 
*** SUMMARY ***
Total pot $0.05 | Rake $0 
Seat 1: Randal000 (button) folded before Flop (didn't bet)
Seat 2: hc agorist (small blind) folded before Flop
Seat 3: sorokinpv36 (big blind) folded before Flop
Seat 4: KingCheSir folded before Flop (didn't bet)
Seat 5: PE8512 collected ($0.05)
Seat 6: Rosmid folded before Flop (didn't bet)



PokerStars Zoom Hand #193678429129:  Hold'em No Limit ($0.01/$0.02) - 2018/11/24 14:46:28 CUST [2018/11/24 1:46:28 ET]
Table 'Halley' 6-max Seat #1 is the button
Seat 1: Kiizu ($2.14 in chips) 
Seat 2: foodchem13 ($2.83 in chips) 
Seat 3: fumd54 ($3.64 in chips) 
Seat 4: MTLPokerFace ($2.01 in chips) 
Seat 5: Ruslan13581 ($1.88 in chips) 
Seat 6: hc agorist ($1.43 in chips) 
foodchem13: posts small blind $0.01
fumd54: posts big blind $0.02
*** HOLE CARDS ***
Dealt to hc agorist [Ac 9d]
MTLPokerFace: folds 
Ruslan13581: folds 
hc agorist: raises $0.02 to $0.04
Kiizu: raises $0.11 to $0.15
foodchem13: folds 
fumd54: folds 
hc agorist: raises $1.28 to $1.43 and is all-in
Kiizu: folds 
Uncalled bet ($1.28) returned to hc agorist
hc agorist collected $0.33 from pot
hc agorist: doesn't show hand 
*** SUMMARY ***
Total pot $0.33 | Rake $0 
Seat 1: Kiizu (button) folded before Flop
Seat 2: foodchem13 (small blind) folded before Flop
Seat 3: fumd54 (big blind) folded before Flop
Seat 4: MTLPokerFace folded before Flop (didn't bet)
Seat 5: Ruslan13581 folded before Flop (didn't bet)
Seat 6: hc agorist collected ($0.33)



